4138 5568
294 333 298 345 ⁵
469 359 784 453 Rasum
844 357 1414 453 Nurursusrs.
1549 357 1710 483 'urs

10 627 13 635 ·
178 575 299 676 mius,
331 565 374 654 &
398 561 577 654 Antorrius
606 560 664 653 ob
679 559 762 650 M.
796 561 1043 651 Antonium
1074 563 1152 650 &c
1207 563 1369 681 Titulo
1399 562 1710 657 ΒΑΣΙΆΕΩΣ.
1753 661 1756 674 .
1806 635 1809 642 .

179 721 489 816 ΒΑΣΙΛΕΩΝ.
530 720 641 831 Regis
669 719 818 838 'Regum
844 718 1094 843 superbiunt
1123 720 1378 812 numismata
1407 721 1583 844 Regum
1610 727 1711 818 Per·

13 886 18 895 ’
179 886 304 997 thie,
335 881 600 1006 &Tigranis
622 880 811 978 Armeni
827 901 984 1003 ,atque
1005 878 1550 1022 Pharnacis,Ponti·lnnul
1573 890 1712 979 &Bo-

60 1145 62 1150 ,
181 1047 328 1174 sphori
350 1041 574 1134 Cimmerii
592 1041 733 1161 regis,
764 1040 923 1159 aJulio
945 1041 1108 1134 Caesare
1143 1043 1358 1134 debellati.
1647 1163 1650 1168 Ι

358 1205 502 1313 Regina
521 1199 784 1293 vocabulum
805 1188 1165 1293 ΒΑΣΙΛΙΣΣΗΣ·
1186 1206 1231 1292 in
1253 1202 1513 1295 Graecanicis
1538 1203 1708 1352 legitur.

183 1367 359 1486 Regum
392 1360 557 1454 Titulis
590 1385 900 1481 nonuunquam
928 1361 1170 1476 accedunt,
1200 1374 1301 1476 aut,
1340 1363 1495 1453 iisdem
1524 1364 1680 1456 omillrs
1691 1428 1708 1478 ,

183 1523 274 1616 fere
305 1527 351 1613 in
370 1546 470 1612 area
489 1521 609 1614 numi
625 1518 907 1612 observantur
926 1521 1191 1615 characteres
1215 1525 1448 1637 rumerici,
1475 1525 1534 1614 de
1553 1524 1709 1647 quibus
1769 1497 1773 1508 ¹

186 1693 313 1807 Capite
336 1687 388 1776 ll.
421 1683 610 1802 egimus,
640 1683 798 1818 quique
814 1679 889 1770 vel
903 1680 1061 1796 'Annum
1077 1684 1448 1804 agamemnona
1470 1681 1710 1804 cujusdam,
1835 1801 1837 1808 y

86 1916 89 1922 .
185 1843 417 1964 designant.
478 1827 721 1974 Discrimen
747 1841 812 1956 est⁴
827 1836 1053 1963 perfacile:
1085 1873 1184 1933 cum
1210 1845 1379 1935 numeri
1407 1845 1554 1965 exigui
1586 1817 1708 1956 sunt,
1849 1959 1850 1962 Ν
2013 1960 2014 1968 Ν

185 2029 315 2128 atque
344 2005 390 2090 in
415 2000 522 2092 serie
549 2036 724 2124 regum,
754 2004 829 2126 qui
854 2000 942 2090 sub‘
960 1998 1176 2092 deceffore
1206 2007 1334 2126 parvi
1374 2026 1496 2094 erant
1515 2001 1730 2111 numeri,

183 2163 260 2255 lub
284 2161 546 2276 succellore,
575 2166 743 2256 numeri
771 2161 977 2252 redeunte
1005 2163 1157 2276 initio,
1196 2166 1385 2256 minores
1413 2167 1554 2260 etiam.
1571 2161 1709 2254 obser-

184 2348 374 2436 vantur,
405 2343 498 2442 tum
515 2321 614 2413 sane
637 2327 767 2416 Annus
783 2334 882 2434 regni
906 2319 1177 2440 fignificatur.
1210 2325 1344 2444 Quod
1362 2324 1395 2414 fi
1415 2323 1613 2438 numeri(
1634 2323 1709 2445 qui

172 2484 273 2606 ⁸lere
291 2486 474 2600 majores
504 2487 767 2600 occurrunt)
787 2481 862 2570 iub
883 2479 1186 2572 luccelloribus
1205 2485 1337 2607 usque
1366 2483 1582 2600 crescant,
1612 2449 1708 2573 tum

183 2647 292 2735 citra
312 2640 490 2735 dubium
503 2610 664 2758 ‚Eporhae
681 2651 762 2730 anni
777 2625 1017 2756 'consignati
1038 2641 1145 2730 sunt.
1399 2615 1404 2624 ⁴

363 2799 489 2890 Annos
510 2809 610 2908 regni
626 2798 765 2887 numis
782 2799 867 2888 suis
889 2798 1136 2889 inserendos
1167 2830 1375 2889 curavere
1395 2801 1543 2921 Reges
1563 2799 1707 2918 AEgy·
1870 2825 1875 2838 ·

181 2962 246 3086 pti
264 2957 440 3080 Lagidae
451 3021 467 3069 ,
494 2955 569 3047 seu
598 2959 846 3082 Ptolemaei,
874 2955 1025 3096 saltem
1048 2992 1074 3048 a
1095 2957 1319 3050 Ptolerrraei
1349 2960 1409 3048 ΙΙ.
1434 2957 1710 3081 Philadelphi

182 3116 487 3246 posterioribus
507 3120 628 3238 regni
644 3118 785 3208 annis.
815 3117 929 3208 Item
939 3119 1088 3239 Reges
1113 3113 1710 3246 Cappadociae,p'ene01nnes

183 3277 465 3388 Ariarathes,
495 3297 570 3364 aut
586 3277 909 3371 Ariobarzanes
929 3280 1156 3405 appellati:
1185 3303 1282 3372 tum
1299 3281 1475 3405 quidam
1493 3281 1625 3390 Ponti
1646 3310 1710 3368 re·
1873 3373 1877 3381 ,

187 3469 284 3561 ges;
314 3467 434 3558 reges
464 3435 750 3558 Mauretania
778 3439 866 3532 duo
894 3441 1097 3562 postremi
1117 3443 1145 3557 J
1148 3441 1241 3531 uba·
1260 3443 1320 3532 ΙΙ.
1359 3448 1402 3533 &
1423 3439 1709 3551 Ptolemaeus,

38 3565 44 3579 .
179 3599 432 3720 Judaicique
460 3598 714 3735 Principes,
745 3631 931 3724 quorum
960 3601 1214 3693 numismata
1242 3602 1470 3730 superant,
1506 3599 1542 3692 fi
1571 3628 1736 3690 unum-

185 3755 296 3849 forte
315 3790 486 3879 regem,
517 3760 757 3850 alterumve
783 3761 984 3882 excipias.
1047 3755 1101 3852 In
1120 3763 1432 3855 Mauretanicis
1454 3760 1513 3850 R.
1527 3759 1579 3846 A.
1592 3757 1708 3865 Regni

189 3918 345 4012 Annum
354 3918 525 4010 indicat.
545 3923 670 4014 Annos
690 3925 843 4041 Egeria
862 3919 1167 4042 consignavere
1187 3953 1308 4046 reges
1320 3993 1331 4037 ‚
1344 3915 1451 4045 quos
1470 3919 1515 4008 iu
1533 3913 1705 4039 sequen·

174 4088 226 4171 'te
242 4079 482 4192 laterculo,
513 4113 613 4176 curn
632 4083 823 4206 Epochae
842 4086 969 4176 initio
998 4083 1190 4180 srstimus.
1463 4060 1466 4068 ¹
1651 4095 1653 4100 ’

143 4315 251 4376 ‚³
420 4375 438 4398 ,,

922 4487 1010 4682 Qa
1166 4534 1175 4583 ²
1222 4543 1226 4553 ’
