4224 5572
545 578 1823 706 ἐἷ’-*π’

536 825 665 912 Mults
684 823 837 933 operari
852 818 957 903 haud
979 813 1137 924 pollet,
1167 819 1371 903 amicitiam
1391 836 1523 908 tamen
1539 847 1630 910 cum
1648 829 1692 910 iis
1719 835 1841 939 magis

361 989 369 1000 ·
537 945 704 1046 distulit,
740 965 856 1049 quam
875 939 1050 1043 abrupit,
1080 935 1211 1020 dicere
1225 937 1380 1046 solitus,
1407 939 1460 1042 se,
1491 939 1700 1048 siquando
1715 947 1841 1032 senio·

535 1068 568 1148 ti
589 1067 742 1147 coecitas'
755 1065 974 1165 inreperet,
1000 1057 1117 1138 'notas
1134 1055 1292 1139 Parnaffi
1306 1081 1423 1163 rupes
1450 1081 1778 1168 peneptatumm,
1798 1069 1839 1153 dr

536 1185 749 1296 pangendis
757 1178 985 1264 carminibus
994 1169 1212 1296 amillorurn
1220 1177 1609 1266 eudorumdolorem
1617 1181 1838 1299 soluturum.

724 1415 878 1502 Auditis
890 1409 1077 1515 subinde,
1106 1407 1355 1516 defenllsque
1374 1413 1651 1523 philosophicis
1674 1417 1837 1528 discipli.

532 1540 591 1622 nis
606 1537 855 1641 juventutem
874 1532 1050 1642 magister
1067 1527 1309 1639 Clagenhtrti
1328 1531 1509 1637 instituit,
1540 1539 1831 1646 geminumque,

274 1743 279 1750 ,
417 1701 424 1714 -
532 1671 651 1762 quem
667 1654 740 1737 suis
758 1655 918 1738 societas
936 1650 1222 1757 inpermolesto
1235 1656 1374 1755 puerili
1390 1651 1486 1736 ludo
1505 1650 1626 1765 finept
1645 1655 1834 1766 designat,

453 1781 461 1794 '
529 1776 582 1857 ita
600 1775 757 1882 adtigit,
794 1773 892 1856 ut&
913 1769 1116 1875 discipulos
1129 1772 1259 1852 multis
1275 1775 1381 1856 annis
1397 1770 1487 1878 post
1504 1775 1832 1882 ptaeclarae,quam

526 1891 631 1976 nadli
650 1911 782 1994 erant,
811 1889 1058 1975 institutionis
1077 1889 1343 1973 memores'ad
1371 1893 1558 1974 virtutem
1575 1915 1734 1976 omnem
1760 1893 1831 1977 fin·

527 2029 664 2120 geret,
695 2015 830 2118 reique
856 2011 1028 2093 literariae
1047 2012 1087 2090 in
1115 2031 1275 2089 omnem
1297 2013 1416 2094 vitam
1441 2009 1697 2115 perduratura
1713 2013 1828 2119 gustu

526 2131 771 2232 inbueret,&
788 2127 868 2237 ipse
889 2149 1030 2212 vacuas
1054 2150 1077 2208 a
1093 2123 1319 2235 scholastico
1334 2131 1501 2239 pulvere
1516 2130 1631 2209 horas
1650 2128 1724 2210 suae
1742 2155 1830 2214 eru·
1962 2179 1966 2186 ·

482 2249 498 2274 ⁶
526 2248 665 2332 ditioni
685 2247 904 2355 seponeret
964 2242 1154 2332 Profecto
1174 2267 1245 2328 eos
1262 2271 1335 2354 per
1351 2270 1474 2330 annos
1484 2243 1641 2328 Grecos
1653 2246 1719 2330 seu
1727 2275 1828 2355 poe.

525 2385 597 2470 tas,
605 2367 671 2449 seu
680 2368 874 2471 rhetores,
883 2362 1161 2472 historicosque
1180 2365 1358 2449 exhaulit
1376 2389 1529 2465 omnes,
1539 2365 1578 2446 id
1595 2363 1825 2452 consecutus

129 2531 134 2540 ·
300 2595 305 2602 Ι
448 2556 452 2562 .
523 2487 654 2588 etiarn,
683 2502 728 2568 ut
738 2486 875 2574 Graeca
893 2487 1022 2594 lingua
1044 2509 1128 2572 non
1144 2483 1269 2570 minus
1289 2509 1404 2594 quam
1420 2486 1557 2570 Latina
1587 2481 1683 2568 ellet
1714 2509 1839 2572 exet..

523 2606 637 2694 dtur.
766 2635 770 2640 ·

715 2839 938 2927 Translatus
947 2843 1039 2926 inde
1047 2845 1087 2924 in
1097 2843 1351 2953 regiamhanc
1359 2845 1623 2951 metropolem
1634 2839 1824 2926 mathelin

520 2958 699 3044 fecundis
727 2961 827 3041 curis
855 2961 1128 3064 pertradlavit,
1167 2983 1357 3065 eamque,
1398 2960 1493 3044 dum
1511 2960 1598 3045 fere
1620 2963 1740 3061 vixit,
1769 2963 1823 3044 ita

520 3083 665 3181 coluit,
695 3069 783 3160 utli
799 3079 866 3158 vel
883 3083 984 3164 hanc
1002 3101 1118 3162 unam
1137 3076 1285 3181 nollet,
1313 3079 1414 3160 inter
1429 3080 1558 3184 viros,
1588 3080 1663 3160 aevi
1676 3076 1730 3160 sui
1751 3077 1823 3162 do·

524 3195 701 3279 dliliimot
727 3199 988 3283 numerandus
1014 3195 1166 3302 fuillet,
1202 3198 1364 3280 meritus
1386 3198 1524 3301 etiam,
1568 3199 1633 3302 qui
1658 3219 1680 3276 a
1705 3199 1823 3299 viris,
1876 3225 1881 3238 ·

521 3339 621 3421 quos
648 3311 810 3420 Europa
823 3319 1177 3401 mathematicorum
1196 3314 1474 3420 disciplinarum
1489 3314 1737 3424 peritiliimos'
1753 3318 1822 3398 ha·

520 3436 612 3534 bet,
642 3436 683 3517 in
705 3433 908 3524 confilium
925 3436 1195 3543 adhiberetur,
1224 3434 1335 3521 &de
1366 3457 1505 3520 recens
1529 3433 1820 3522 inventicedo·

236 3633 238 3640 ,
366 3557 379 3582 ·
423 3629 430 3648 ,
523 3570 690 3645 cerettu.

500 3873 510 3894 ,
753 3791 1066 3902 Quaerendum
1090 3793 1233 3878 aetnae
1252 3769 1461 3904 theologie
1474 3798 1526 3880 tta
1544 3793 1745 3904 inpendit,
1773 3809 1819 3878 ut

506 3909 645 4017 dignus
664 3909 898 4020 habpretur,
930 3912 999 4015 qui
1016 3921 1245 4017 campulum
1266 3937 1544 4024 propugnaret.
1615 3914 1819 4018 Discepta-

462 4065 470 4086 ·
501 4031 588 4113 ttici
606 4029 701 4112 huic
714 4029 888 4116 scientie
903 4047 954 4144 ut
970 4034 1158 4138 temporie
1176 4033 1364 4152 tribueret
1377 4038 1602 4144 plurimum,
1632 4032 1744 4142 quod
1763 4052 1820 4114 ta·

1667 4174 1764 4234 auen
