4296 5564
562 587 1844 633 m

616 647 667 724 63
891 625 1520 704 npenuolcvbn
1658 676 1663 688 ,

571 825 970 946 obstupebamus,
1000 836 1084 915 setis
1103 833 1308 917 evidenter
1322 832 1416 915 illud
1437 833 1705 941 consequitur:
1735 839 1861 924 Mari-

571 964 726 1046 nianam
751 959 832 1040 hoc
856 971 922 1037 aut
940 951 1136 1058 superiore
1164 975 1267 1032 anno
1297 949 1521 1034 desundtam
1543 953 1644 1056 else,
1673 981 1762 1040 cum
1795 963 1863 1042 hic

571 1077 684 1166 Diva
711 1078 938 1182 appelletur.
999 1071 1119 1178 Igitur
1141 1068 1361 1150 Mariniana
1388 1069 1643 1155 aValeriano
1678 1077 1778 1157 inter
1806 1077 1864 1159 di-

570 1217 642 1278 vas
662 1198 780 1279 relata
803 1191 884 1293 est,
912 1190 1055 1294 alioqui
1080 1187 1183 1270 enim
1210 1185 1278 1269 sub
1309 1188 1504 1270 Valeriani
1532 1191 1705 1297 imperio
1730 1193 1860 1277 eidem

568 1315 722 1396 mulieri
744 1335 886 1395 numos
916 1331 998 1391 non
1021 1301 1285 1410 inscripsrlsent
1305 1305 1621 1392 Viminacienses.
1697 1309 1861 1394 Constat

522 1487 524 1493 -
571 1455 694 1540 porro
718 1429 962 1528 Gallienum,
990 1426 1059 1531 qui
1080 1426 1158 1506 hoc
1185 1447 1287 1506 anno
1312 1427 1386 1528 jam
1409 1447 1498 1505 curn
1519 1426 1731 1511 Valeriano
1749 1451 1861 1536 patre

570 1547 749 1655 augustus
784 1565 887 1647 erat,
924 1567 1090 1626 uxorem
1108 1541 1278 1625 habuisse
1308 1541 1376 1624 suo
1399 1561 1534 1626 notam
1552 1549 1734 1642 nominer
1760 1546 1860 1634 Cor-

571 1671 714 1750 neliam
740 1664 982 1760 Saloninam3
1012 1661 1263 1743 Valerianum
1285 1683 1383 1742 vero
1402 1681 1556 1743 mortua
1584 1663 1751 1746 Gallieni
1770 1691 1861 1751 ma-

571 1805 633 1868 tre
659 1787 815 1866 alteram
832 1805 998 1864 uxorem
1025 1774 1194 1878 duxisse,
1226 1777 1276 1858 de
1294 1779 1401 1882 cuius
1422 1803 1560 1884 eque,
1589 1805 1636 1863 ac
1654 1782 1705 1864 de
1725 1789 1862 1896 prime¹

570 1901 769 1984 Valeriani
785 1900 957 2006 conjugis
972 1899 1131 1979 nomine
1155 1894 1267 1977 silent
1285 1895 1465 1980 historici.
1525 1897 1614 1982 Fuit
1633 1921 1763 1984 autem
1778 1905 1860 1985 Va·

570 2023 736 2102 lerianus
751 2022 830 2100 hoc
846 2015 1033 2119 annojarn
1049 2013 1318 2119 sexagenario,
1352 2013 1632 2099 &struborum
1651 2019 1856 2124 credimus,

570 2135 863 2242 septuagenario
884 2132 1018 2237 major.
1105 2131 1198 2213 Erat
1221 2133 1334 2238 igitur
1359 2135 1442 2216 hec
1469 2134 1667 2219 Valeriani
1690 2135 1857 2222 secunda

570 2277 696 2355 uxor,
728 2257 814 2358 que
840 2269 1019 2336 recenter
1043 2268 1195 2332 mortua
1213 2251 1315 2334 inter
1338 2251 1447 2333 divas
1472 2254 1589 2336 relata
1619 2253 1699 2356 est,
1729 2281 1857 2364 eaque

568 2397 692 2456 numo
714 2371 847 2454 nostro
867 2367 1027 2452 auctore
1045 2365 1272 2451 Mariniaua.
1331 2368 1482 2476 Neque
1502 2369 1542 2452 id
1563 2374 1658 2455 mihi
1678 2377 1762 2479 quis
1774 2381 1857 2460 ob·

565 2493 687 2596 jiciat:
696 2487 807 2596 posse
821 2486 899 2573 effe
914 2490 982 2570 vel
998 2485 1136 2568 sororis
1154 2485 1364 2588 Valeriani,
1375 2490 1442 2570 vel
1458 2491 1587 2570 metris
1599 2515 1761 2596 nomen,
1785 2513 1853 2578 aut

565 2595 665 2692 lille.
725 2608 899 2690 Matrem
917 2607 988 2688 vix
1007 2603 1065 2687 est
1083 2603 1266 2686 credibile
1283 2621 1366 2687 tum
1385 2609 1499 2690 etiam
1519 2607 1680 2712 vixisse,
1700 2635 1790 2694 curn
1808 2637 1856 2694 ee

565 2746 679 2809 etate
700 2723 795 2809 effer
816 2727 1069 2807 Valerianus:
1100 2724 1150 2804 de
1171 2721 1303 2805 sorore
1320 2745 1367 2803 ac
1390 2723 1468 2806 filia
1488 2727 1600 2808 nimis
1615 2729 1734 2838 longe
1756 2735 1857 2835 peti·

473 2837 1859 2952 'ummfflffmfflmmmmffimmma

569 2980 657 3060 tur,
688 2962 727 3043 δι
743 2987 824 3043 non
842 2978 979 3044 extent
1000 2958 1191 3064 ejusmodi
1214 2963 1394 3064 exempla
1419 2964 1458 3043 in
1475 2967 1602 3044 nuruis
1619 2965 1708 3069 post
1725 2957 1858 3070 Traja-¹

503 3098 510 3109 ·
566 3101 708 3174 num,
757 3078 827 3160 nifi
855 3077 1117 3186 augustorum·
1145 3075 1233 3159 filie
1273 3081 1387 3162 etiam
1418 3079 1665 3185 augustorum
1703 3103 1851 3166 uxores

564 3193 735 3279 fuissent
1118 3269 1121 3274 .
1319 3266 1323 3278 ,

673 3312 870 3418 Equidem
888 3335 1130 3395 curarumve
1145 3335 1288 3395 rotato
1311 3318 1348 3396 in
1372 3307 1461 3417 Celso
1490 3315 1648 3424 syram
1665 3314 1855 3402 Gallieme

563 3432 762 3538 cuiusdam
786 3435 1029 3516 mentionem
1053 3430 1177 3532 sacit,
1209 3457 1295 3537 quae
1328 3431 1497 3516 Gallieni
1533 3433 1679 3542 augusti
1716 3427 1861 3520 conso-'

564 3553 675 3633 brine
691 3553 933 3657 appellatur:
963 3551 1070 3636 unde
1088 3550 1328 3656 consequens
1344 3548 1421 3652 est,
1432 3551 1686 3636 Valerianum
1703 3555 1858 3636 habuis-

562 3665 603 3749 se
624 3667 778 3770 filiam,.
793 3670 1010 3773 quae.hujus
1023 3668 1209 3751 Gallienae
1228 3688 1351 3754 mater
1369 3667 1511 3754 fuisset.
1570 3669 1653 3752 Sed
1668 3674 1861 3775 quoniam

558 3783 677 3894 liliam
698 3809 720 3898 a
738 3807 851 3892 patre
870 3787 1152 3889 consecratam,
1173 3789 1213 3870 &
1230 3787 1377 3896 signato
1392 3811 1515 3870 numo
1534 3786 1635 3870 divae
1648 3791 1762 3871 titulo
1781 3793 1860 3874 ho-

557 3924 734 3986 noratam
751 3902 865 3987 fuisse
882 3930 966 3986 non
982 3909 1165 4006 memini,
1195 3907 1236 3989 id
1264 3911 1327 3990 hic
1344 3909 1437 3990 nihil
1457 3906 1609 4012 prorsus
1626 3905 1867 3994 Marinianae¹

555 4019 754 4110 Valeriani
775 4024 891 4109 uxori
908 4021 1150 4108 declarando
1168 4027 1323 4110 officere
1349 4028 1523 4113 arbitror.
1580 4023 1688 4132 Jullae
1700 4027 1783 4118 ,Titi
1806 4027 1865 4113 fi.

604 4165 610 4173 ·
1232 4176 1235 4186 ·
1729 4145 1790 4226 h
