4224 5572
281 561 287 572 ·
435 447 556 546 ’Du
590 448 868 542 Anssctnra
897 445 1150 540 Panem
1178 441 1427 540 Rnuraus.
1636 477 1720 578 17⁵
1844 553 1847 562 ‚

212 653 215 668 ⁸
373 656 508 752 Altera
531 654 678 774 Species
703 648 764 740 est
792 651 1043 768 majorum,
1066 671 1254 772 quatuor
1279 647 1370 742 sere
1395 651 1620 748 drachmas
1648 686 1724 780 ap.
1827 689 1831 696 =
1939 641 1940 649 '

134 791 146 831 ⁸
196 816 494 946 pendentium,
515 815 820 905 numismatum
845 843 902 904 ex
923 830 1103 932 argento
1122 841 1263 933 puro,
1290 809 1365 901 vel
1382 814 1553 904 mixto:
1583 815 1629 904 in
1654 813 1724 908 hie

196 997 330 1101 eaput
359 977 471 1094 regin
502 971 593 1065 sere
621 971 941 1084 diadematum,
972 971 1047 1063 vel
1079 958 1241 1062 corona
1278 969 1418 1062 clausa
1450 975 1640 1064 testum:
1680 977 1727 1067 in

193 1133 350 1232 aversa
360 1135 553 1224 Vidioria
575 1135 805 1253 stans‚regi
827 1131 988 1224 sedenti
1010 1101 1169 1224 sertum
1192 1101 1356 1244 offset,
1386 1153 1463 1225 aut
1488 1131 1644 1257 palmae‘
1660 1163 1727 1224 ra·

200 1329 344 1392 mum:
373 1295 446 1388 vel
464 1291 606 1384 Pallas
626 1290 792 1414 galeata
810 1293 909 1383 loco
930 1294 1134 1412 Vitioriae
1154 1290 1341 1382 videtur.
1404 1293 1459 1382 In
1485 1292 1553 1384 his
1574 1291 1729 1385 numis-

93 1533 96 1540 .
199 1451 618 1552 metibus'iuterdum
628 1453 862 1544 occurrunt
884 1463 1026 1544 nrtmcrt'
1047 1481 1225 1542 annorum
1242 1451 1350 1542 AErae
1358 1451 1555 1566 Parthiam
1568 1454 1728 1544 innon·
1755 1466 1758 1483 ‘

203 1607 334 1708 nuliis
340 1634 508 1736 ,praeter
519 1645 675 1702 nomen
688 1645 738 1702 ac
748 1611 897 1702 titulos
916 1614 1205 1740 regis,nomen
1217 1614 1343 1733 merfis
1362 1609 1725 1732 alicujuslegitur,

139 1795 143 1798 ’
198 1769 631 1892 Syromacedonibus
651 1770 869 1880 usrtatum,
882 1803 1052 1895 nempe,
1063 1765 1270 1892 quantuni
1290 1767 1633 1883 observavi,ista:
1646 1772 1729 1890 Hy·

199 1939 445 2056 perberetcus
469 1930 632 2050 primus
653 1929 829 2022 menfis:
865 1931 1018 2023 Paritius
1046 1929 1242 2052 quintus:
1274 1931 1316 2018 dt
1333 1931 1523 2048 Gorpiaeus
1540 1931 1731 2028 ultimus,
1848 1913 1852 1921 ¹

75 2205 78 2212 Ι
205 2091 276 2180 Ea
295 2117 364 2176 res
385 2087 492 2176 nihil
512 2091 704 2204 mysterii
724 2087 901 2180 videtur
917 2087 1078 2180 habere
1088 2152 1105 2201 ,
1135 2084 1215 2176 nifi
1232 2085 1405 2208 signata
1423 2118 1478 2178 eo
1494 2087 1635 2180 mense
1658 2120 1733 2180 no·

206 2279 276 2340 vae
296 2245 502 2337 indicium
520 2269 714 2340 moneta.
774 2245 1049 2340 Numismata
1062 2248 1448 2373 isthec,quantum
1467 2277 1523 2338 ex
1540 2247 1734 2372 Epochre
1809 2343 1812 2352 ,

203 2405 396 2496 numeris
421 2405 614 2528 colligo,
643 2405 774 2499 tertio
802 2404 977 2499 demum
1005 2409 1059 2500 ab
1082 2405 1304 2501 Arsaces
1333 2407 1488 2508 seculo
1508 2409 1735 2533 incepere,

208 2561 413 2686 deinceps
444 2561 500 2652 ad
517 2559 828 2655 Arsacidarum
848 2565 1103 2658 successores
1127 2563 1276 2658 Persas
1298 2567 1529 2686 durantes:
1558 2565 1616 2692 ab
1640 2569 1736 2655 Au·

210 2725 321 2846 gutli
341 2741 466 2814 etate
494 2751 673 2845 nempe,
700 2722 817 2814 ultra
835 2726 954 2815 tertii
979 2725 1074 2845 post
1094 2723 1312 2816 Christum
1333 2721 1477 2834 seculi
1497 2720 1735 2814 dimidium.

395 2869 520 2972 Tutia
526 2875 667 2999 spretus
683 2881 743 2972 est
758 2911 990 2974 rumorum
1009 2913 1218 2974 aereorum
1237 2865 1317 2974 11'u
1334 2907 1393 2976 n
1410 2877 1536 3000 tertii,
1551 2878 1736 2991 moduli,

172 3031 175 3038 ’
212 3069 399 3164 quorum
427 3035 622 3160 plerique
650 3061 778 3160 caput
797 3042 1019 3160 mitratum
1038 3043 1176 3162 regis,
1205 3041 1252 3129 in
1280 3036 1442 3162 postica
1462 3060 1591 3163 caput
1610 3038 1738 3127 turri·
1835 3115 1841 3128 .

212 3221 309 3316 tum
348 3193 604 3309 muliebre;
663 3197 852 3292 crinibus
890 3227 1068 3320 gemmae
1108 3175 1580 3323 quaudoque·inte1itae
1617 3194 1740 3308 sunt,

212 3355 304 3448 srne
322 3353 407 3444 tlia
429 3351 722 3476 inscriptione,
738 3379 892 3478 praeter
910 3389 1082 3452 numeros
1100 3389 1182 3450 aerae
1200 3389 1219 3472 3
1247 3357 1294 3446 hi
1313 3356 1478 3456 numia
1495 3378 1651 3480 quarto
1670 3354 1741 3445 de·

215 3545 336 3610 mum
357 3509 659 3642 Arsacidarum
675 3509 830 3610 saeculo
850 3539 1128 3642 comparent,
1158 3547 1311 3640 nempe
1333 3517 1388 3608 ab
1401 3518 1576 3644 ineunte
1594 3513 1746 3608 secun·'

215 3671 276 3763 do
294 3671 388 3794 post
407 3669 623 3760 Christum
639 3669 809 3787 saeculo,
825 3707 903 3798 per
917 3675 1059 3800 sesqui
1077 3677 1262 3768 alterum
1278 3674 1369 3768 sere
1387 3673 1598 3766 seculum
1632 3671 1741 3800 Uni·

214 3829 376 3920 versrm
394 3799 698 3921 Parthicorum
715 3863 866 3954 regum
879 3838 1022 3958 capita
1044 3835 1238 3958 capillos,
1251 3839 1293 3925 dt
1311 3833 1487 3925 barbam
1505 3830 1738 3942 interdum,

210 3965 310 4083 arte
334 3967 607 4110 compositos
628 3986 920 4117 crispatosque
934 4059 952 4108 ,
982 4015 1110 4116 atque
1136 3992 1211 4084 sub
1236 3991 1367 4086 finem
1392 3994 1522 4084 etiam
1552 4017 1741 4110 gemmae
1869 4048 1874 4056 ·

218 4148 407 4240 crinibus
427 4141 539 4238 iufra
557 4149 732 4272 occiput
751 4153 941 4246 collesbis
961 4158 1177 4267 intextas,
1205 4153 1410 4244 exhibent
1430 4185 1442 4242 z
1479 4147 1743 4280 humeripor·

220 4326 377 4398 uantur
405 4305 549 4423 candy
567 4305 757 4401 Persica:
787 4343 888 4403 raro
908 4313 1075 4435 Aquila
1102 4314 1237 4433 capiti
1266 4312 1465 4402 adstituta
1484 4312 1574 4400 est:
1614 4311 1745 4400 inter-

219 4463 325 4617 dum
341 4461 557 4592 serpentes
575 4464 689 4561 collo
709 4469 910 4578 obvoluti
928 4467 1050 4564 sunt:
1070 4475 1174 4562 luna
1191 4473 1234 4562 dr
1249 4468 1557 4592 stellaehgnatae
1576 4470 1621 4558 in
1642 4499 1745 4562 area

1270 4641 1274 4648 ’
1606 4657 1684 4717 uu·
