<?xml version="1.0" encoding="UTF-8"?>
<!DOCTYPE html PUBLIC "-//W3C//DTD XHTML 1.0 Transitional//EN"
    "http://www.w3.org/TR/xhtml1/DTD/xhtml1-transitional.dtd">
<html xmlns="http://www.w3.org/1999/xhtml" xml:lang="en" lang="en">
 <head>
  <title>
</title>
<meta http-equiv="Content-Type" content="text/html;charset=utf-8" />
  <meta name='ocr-system' content='tesseract 3.04.00' />
  <meta name='ocr-capabilities' content='ocr_page ocr_carea ocr_par ocr_line ocrx_word'/>
</head>
<body>
  <div class='ocr_page' id='page_1' title='image "./notitiaelementa00frgoog_0017.png"; bbox 0 0 4202 5574; ppageno 0'>
   <div class='ocr_carea' id='block_1_1' title="bbox 396 349 1662 478">
    <p class='ocr_par' dir='ltr' id='par_1_1' title="bbox 396 349 1662 478">
     <span class='ocr_line' id='line_1_1' title="bbox 396 349 1662 478; baseline -0.008 -31"><span class='ocrx_word' id='word_1_1' title='bbox 396 387 427 478; x_wconf 84' lang='lat'><strong>4</strong></span> <span class='ocrx_word' id='word_1_2' title='bbox 726 349 1529 456; x_wconf 61' lang='lat' dir='ltr'><strong>„CaeuaPnrnnm</strong></span> <span class='ocrx_word' id='word_1_3' title='bbox 1657 349 1662 358; x_wconf 85' lang='grc'><strong>’</strong></span> 
     </span>
    </p>
   </div>
   <div class='ocr_carea' id='block_1_2' title="bbox 400 549 2093 1012">
    <p class='ocr_par' dir='ltr' id='par_1_2' title="bbox 400 549 2093 1012">
     <span class='ocr_line' id='line_1_2' title="bbox 574 549 2093 679; baseline -0.001 -30"><span class='ocrx_word' id='word_1_4' title='bbox 574 556 846 670; x_wconf 68' lang='lat' dir='ltr'><strong>diagntudinis</strong></span> <span class='ocrx_word' id='word_1_5' title='bbox 872 586 1004 679; x_wconf 88' lang='lat' dir='ltr'><strong>ergo,</strong></span> <span class='ocrx_word' id='word_1_6' title='bbox 1034 559 1079 650; x_wconf 83' lang='lat' dir='ltr'><strong>dr</strong></span> <span class='ocrx_word' id='word_1_7' title='bbox 1106 557 1248 669; x_wconf 83' lang='lat' dir='ltr'><strong>Molis,</strong></span> <span class='ocrx_word' id='word_1_8' title='bbox 1287 549 1470 679; x_wconf 80' lang='lat' dir='ltr'><strong>quarum</strong></span> <span class='ocrx_word' id='word_1_9' title='bbox 1498 551 1636 644; x_wconf 83' lang='lat' dir='ltr'><strong>altera</strong></span> <span class='ocrx_word' id='word_1_10' title='bbox 1666 583 1691 644; x_wconf 90' lang='lat' dir='ltr'><strong>e</strong></span> <span class='ocrx_word' id='word_1_11' title='bbox 1720 551 1947 652; x_wconf 82' lang='lat' dir='ltr'><strong>diametro</strong></span> <span class='ocrx_word' id='word_1_12' title='bbox 1977 563 1980 569; x_wconf 78' lang='grc'><strong>’</strong></span> <span class='ocrx_word' id='word_1_13' title='bbox 2092 589 2093 608; x_wconf 60' lang='lat'><strong>.</strong></span> 
     </span>
     <span class='ocr_line' id='line_1_3' title="bbox 401 706 1938 832; baseline -0.005 -13"><span class='ocrx_word' id='word_1_14' title='bbox 401 717 552 818; x_wconf 88' lang='lat' dir='ltr'><strong>circuli</strong></span> <span class='ocrx_word' id='word_1_15' title='bbox 569 711 690 809; x_wconf 82' lang='lat' dir='ltr'><strong>numi</strong></span> <span class='ocrx_word' id='word_1_16' title='bbox 699 781 716 832; x_wconf 87' lang='lat'><em>,</em></span> <span class='ocrx_word' id='word_1_17' title='bbox 733 717 869 809; x_wconf 85' lang='lat' dir='ltr'><strong>altera</strong></span> <span class='ocrx_word' id='word_1_18' title='bbox 885 719 1017 807; x_wconf 86' lang='lat' dir='ltr'><strong>etiarn</strong></span> <span class='ocrx_word' id='word_1_19' title='bbox 1036 747 1094 807; x_wconf 84' lang='lat' dir='ltr'><strong>ex</strong></span> <span class='ocrx_word' id='word_1_20' title='bbox 1112 713 1278 806; x_wconf 88' lang='lat' dir='ltr'><strong>metalli</strong></span> <span class='ocrx_word' id='word_1_21' title='bbox 1296 713 1476 806; x_wconf 83' lang='lat' dir='ltr'><strong>craffitie</strong></span> <span class='ocrx_word' id='word_1_22' title='bbox 1495 706 1755 831; x_wconf 76' lang='lat' dir='ltr'><strong>desumitur,</strong></span> <span class='ocrx_word' id='word_1_23' title='bbox 1768 718 1832 810; x_wconf 87' lang='lat' dir='ltr'><strong>ita</strong></span> <span class='ocrx_word' id='word_1_24' title='bbox 1854 719 1938 812; x_wconf 87' lang='lat' dir='ltr'><strong>dis·</strong></span> 
     </span>
     <span class='ocr_line' id='line_1_4' title="bbox 400 853 1977 1012; baseline 0.001 -38"><span class='ocrx_word' id='word_1_25' title='bbox 400 882 519 1012; x_wconf 79' lang='lat' dir='ltr'><strong>pasci</strong></span> <span class='ocrx_word' id='word_1_26' title='bbox 551 853 690 978; x_wconf 68' lang='lat' dir='ltr'><strong>solent</strong></span> <span class='ocrx_word' id='word_1_27' title='bbox 724 880 870 992; x_wconf 88' lang='lat' dir='ltr'><strong>numi,</strong></span> <span class='ocrx_word' id='word_1_28' title='bbox 899 878 993 992; x_wconf 87' lang='lat' dir='ltr'><strong>uti,</strong></span> <span class='ocrx_word' id='word_1_29' title='bbox 1023 876 1100 1000; x_wconf 92' lang='lat' dir='ltr'><strong>qui</strong></span> <span class='ocrx_word' id='word_1_30' title='bbox 1131 875 1317 987; x_wconf 84' lang='lat' dir='ltr'><strong>eximia,</strong></span> <span class='ocrx_word' id='word_1_31' title='bbox 1356 895 1485 1000; x_wconf 87' lang='lat' dir='ltr'><strong>atque</strong></span> <span class='ocrx_word' id='word_1_32' title='bbox 1515 875 1632 967; x_wconf 86' lang='lat' dir='ltr'><strong>ultra</strong></span> <span class='ocrx_word' id='word_1_33' title='bbox 1661 907 1937 972; x_wconf 86' lang='lat' dir='ltr'><strong>communem</strong></span> <span class='ocrx_word' id='word_1_34' title='bbox 1974 969 1977 976; x_wconf 88' lang='lat'><strong>.</strong></span> 
     </span>
    </p>
   </div>
   <div class='ocr_carea' id='block_1_3' title="bbox 222 997 2076 1163">
    <p class='ocr_par' dir='ltr' id='par_1_3' title="bbox 222 997 2076 1163">
     <span class='ocr_line' id='line_1_5' title="bbox 222 997 2076 1163; baseline 0.029 -54"><span class='ocrx_word' id='word_1_35' title='bbox 222 997 278 1064; x_wconf 13' lang='grc' dir='ltr'><strong>Α·</strong></span> <span class='ocrx_word' id='word_1_36' title='bbox 372 1039 607 1156; x_wconf 60' lang='lat' dir='ltr'><strong>¹modum,</strong></span> <span class='ocrx_word' id='word_1_37' title='bbox 635 1035 735 1132; x_wconf 77' lang='lat' dir='ltr'><strong>[unt</strong></span> <span class='ocrx_word' id='word_1_38' title='bbox 752 1035 1049 1158; x_wconf 79' lang='lat' dir='ltr'><strong>magnitudine</strong></span> <span class='ocrx_word' id='word_1_39' title='bbox 1067 1035 1267 1149; x_wconf 82' lang='lat' dir='ltr'><strong>molave,</strong></span> <span class='ocrx_word' id='word_1_40' title='bbox 1298 1033 1498 1126; x_wconf 87' lang='lat' dir='ltr'><strong>dicantur</strong></span> <span class='ocrx_word' id='word_1_41' title='bbox 1518 1035 1772 1130; x_wconf 81' lang='lat' dir='ltr'><strong>numismata</strong></span> <span class='ocrx_word' id='word_1_42' title='bbox 1798 1037 1938 1132; x_wconf 83' lang='lat' dir='ltr'><strong>Maxi·</strong></span> <span class='ocrx_word' id='word_1_43' title='bbox 2074 1155 2076 1163; x_wconf 81' lang='grc'>,</span> 
     </span>
    </p>
   </div>
   <div class='ocr_carea' id='block_1_4' title="bbox 399 1158 1943 1484">
    <p class='ocr_par' dir='ltr' id='par_1_4' title="bbox 399 1158 1943 1484">
     <span class='ocr_line' id='line_1_6' title="bbox 399 1158 1940 1325; baseline -0.006 -26"><span class='ocrx_word' id='word_1_44' title='bbox 399 1233 471 1298; x_wconf 76' lang='lat' dir='ltr'><strong>ma</strong></span> <span class='ocrx_word' id='word_1_45' title='bbox 481 1203 648 1325; x_wconf 74' lang='lat' dir='ltr'><strong>forma,</strong></span> <span class='ocrx_word' id='word_1_46' title='bbox 676 1158 750 1292; x_wconf 80' lang='lat' dir='ltr'><strong>feu</strong></span> <span class='ocrx_word' id='word_1_47' title='bbox 765 1199 937 1292; x_wconf 82' lang='lat' dir='ltr'><strong>Maximi</strong></span> <span class='ocrx_word' id='word_1_48' title='bbox 957 1201 1117 1290; x_wconf 80' lang='lat' dir='ltr'><strong>moduli:</strong></span> <span class='ocrx_word' id='word_1_49' title='bbox 1147 1197 1270 1291; x_wconf 83' lang='lat' dir='ltr'><strong>Italis</strong></span> <span class='ocrx_word' id='word_1_50' title='bbox 1286 1185 1515 1308; x_wconf 72' lang='lat' dir='ltr'><strong>Midagtioni</strong></span> <span class='ocrx_word' id='word_1_51' title='bbox 1524 1261 1542 1309; x_wconf 88' lang='lat'><strong><em>,</em></strong></span> <span class='ocrx_word' id='word_1_52' title='bbox 1578 1201 1623 1290; x_wconf 78' lang='lat' dir='ltr'><strong>dr</strong></span> <span class='ocrx_word' id='word_1_53' title='bbox 1646 1196 1749 1288; x_wconf 89' lang='lat' dir='ltr'><strong>inde</strong></span> <span class='ocrx_word' id='word_1_54' title='bbox 1776 1198 1940 1290; x_wconf 80' lang='lat' dir='ltr'><strong>Medaii·</strong></span> 
     </span>
     <span class='ocr_line' id='line_1_7' title="bbox 401 1339 1943 1484; baseline -0.003 -30"><span class='ocrx_word' id='word_1_55' title='bbox 401 1373 479 1456; x_wconf 78' lang='lat' dir='ltr'><strong>latu</strong></span> <span class='ocrx_word' id='word_1_56' title='bbox 498 1361 657 1454; x_wconf 87' lang='lat' dir='ltr'><strong>Gallis:</strong></span> <span class='ocrx_word' id='word_1_57' title='bbox 689 1363 764 1484; x_wconf 90' lang='lat' dir='ltr'><strong>qui</strong></span> <span class='ocrx_word' id='word_1_58' title='bbox 780 1339 929 1482; x_wconf 84' lang='lat' dir='ltr'><strong>paullo</strong></span> <span class='ocrx_word' id='word_1_59' title='bbox 945 1355 1131 1449; x_wconf 85' lang='lat' dir='ltr'><strong>maiores</strong></span> <span class='ocrx_word' id='word_1_60' title='bbox 1150 1356 1248 1452; x_wconf 82' lang='lat' dir='ltr'><strong>sunt</strong></span> <span class='ocrx_word' id='word_1_61' title='bbox 1266 1356 1425 1471; x_wconf 83' lang='lat' dir='ltr'><strong>solito,</strong></span> <span class='ocrx_word' id='word_1_62' title='bbox 1442 1381 1519 1450; x_wconf 90' lang='lat' dir='ltr'><strong>aut</strong></span> <span class='ocrx_word' id='word_1_63' title='bbox 1540 1358 1690 1480; x_wconf 81' lang='lat' dir='ltr'><strong>exigui</strong></span> <span class='ocrx_word' id='word_1_64' title='bbox 1707 1360 1853 1473; x_wconf 85' lang='lat' dir='ltr'><strong>orbis,</strong></span> <span class='ocrx_word' id='word_1_65' title='bbox 1868 1355 1943 1449; x_wconf 81' lang='lat' dir='ltr'><strong>sed</strong></span> 
     </span>
    </p>
   </div>
   <div class='ocr_carea' id='block_1_5' title="bbox 94 1517 2095 1641">
    <p class='ocr_par' dir='ltr' id='par_1_5' title="bbox 94 1517 2095 1641">
     <span class='ocr_line' id='line_1_8' title="bbox 94 1517 2095 1641; baseline 0.003 -34"><span class='ocrx_word' id='word_1_66' title='bbox 94 1545 99 1556; x_wconf 88' lang='grc'>’</span> <span class='ocrx_word' id='word_1_67' title='bbox 247 1518 271 1578; x_wconf 77' lang='grc'><strong>’·</strong></span> <span class='ocrx_word' id='word_1_68' title='bbox 355 1521 531 1613; x_wconf 56' lang='lat' dir='ltr'><strong>inlito</strong></span> <span class='ocrx_word' id='word_1_69' title='bbox 551 1519 834 1632; x_wconf 85' lang='lat' dir='ltr'><strong>craffiusculi‚</strong></span> <span class='ocrx_word' id='word_1_70' title='bbox 862 1519 1145 1628; x_wconf 76' lang='lat' dir='ltr'><strong>Mednglinncinr&#39;</strong></span> <span class='ocrx_word' id='word_1_71' title='bbox 1163 1537 1264 1641; x_wconf 87' lang='lat' dir='ltr'>apte</span> <span class='ocrx_word' id='word_1_72' title='bbox 1280 1518 1335 1610; x_wconf 86' lang='lat' dir='ltr'><strong>ab</strong></span> <span class='ocrx_word' id='word_1_73' title='bbox 1354 1518 1480 1610; x_wconf 86' lang='lat' dir='ltr'><strong>Italis</strong></span> <span class='ocrx_word' id='word_1_74' title='bbox 1497 1521 1792 1614; x_wconf 79' lang='lat' dir='ltr'><strong>nominantur.</strong></span> <span class='ocrx_word' id='word_1_75' title='bbox 1851 1517 1943 1614; x_wconf 85' lang='lat' dir='ltr'><strong>Sed</strong></span> <span class='ocrx_word' id='word_1_76' title='bbox 2094 1547 2095 1560; x_wconf 53' lang='lat'>¹</span> 
     </span>
    </p>
   </div>
   <div class='ocr_carea' id='block_1_6' title="bbox 400 1647 2090 2774">
    <p class='ocr_par' dir='ltr' id='par_1_6' title="bbox 401 1647 2090 1965">
     <span class='ocr_line' id='line_1_9' title="bbox 402 1647 2090 1804; baseline -0.001 -32"><span class='ocrx_word' id='word_1_77' title='bbox 402 1681 564 1772; x_wconf 86' lang='lat' dir='ltr'><strong>borum</strong></span> <span class='ocrx_word' id='word_1_78' title='bbox 579 1679 776 1804; x_wconf 86' lang='lat' dir='ltr'><strong>plerique</strong></span> <span class='ocrx_word' id='word_1_79' title='bbox 791 1677 925 1770; x_wconf 84' lang='lat' dir='ltr'><strong>etiam</strong></span> <span class='ocrx_word' id='word_1_80' title='bbox 943 1700 1128 1771; x_wconf 86' lang='lat' dir='ltr'><strong>monetae</strong></span> <span class='ocrx_word' id='word_1_81' title='bbox 1152 1679 1284 1771; x_wconf 84' lang='lat' dir='ltr'><strong>instar</strong></span> <span class='ocrx_word' id='word_1_82' title='bbox 1301 1679 1580 1770; x_wconf 83' lang='lat' dir='ltr'><strong>habebantur.</strong></span> <span class='ocrx_word' id='word_1_83' title='bbox 1650 1647 1794 1772; x_wconf 87' lang='lat' dir='ltr'><strong>Numi</strong></span> <span class='ocrx_word' id='word_1_84' title='bbox 1843 1679 1944 1772; x_wconf 86' lang='lat' dir='ltr'><strong>aerei</strong></span> <span class='ocrx_word' id='word_1_85' title='bbox 2087 1674 2090 1684; x_wconf 52' lang='lat'><strong>⁴</strong></span> 
     </span>
     <span class='ocr_line' id='line_1_10' title="bbox 401 1835 1988 1965; baseline 0.004 -34"><span class='ocrx_word' id='word_1_86' title='bbox 401 1841 727 1962; x_wconf 78' lang='lat' dir='ltr'><strong>Augustorum,</strong></span> <span class='ocrx_word' id='word_1_87' title='bbox 757 1860 912 1963; x_wconf 87' lang='lat' dir='ltr'><strong>praeter</strong></span> <span class='ocrx_word' id='word_1_88' title='bbox 932 1869 1007 1929; x_wconf 82' lang='lat' dir='ltr'><strong>eos</strong></span> <span class='ocrx_word' id='word_1_89' title='bbox 1016 1905 1033 1955; x_wconf 88' lang='lat'>‚</span> <span class='ocrx_word' id='word_1_90' title='bbox 1063 1841 1139 1962; x_wconf 90' lang='lat' dir='ltr'><strong>qui</strong></span> <span class='ocrx_word' id='word_1_91' title='bbox 1160 1839 1581 1965; x_wconf 73' lang='lat' dir='ltr'><strong>anaximafirntfhrmae</strong></span> <span class='ocrx_word' id='word_1_92' title='bbox 1591 1861 1619 1954; x_wconf 79' lang='lat'><strong>‚‘</strong></span> <span class='ocrx_word' id='word_1_93' title='bbox 1637 1843 1685 1934; x_wconf 91' lang='lat' dir='ltr'><strong>in</strong></span> <span class='ocrx_word' id='word_1_94' title='bbox 1715 1863 1804 1932; x_wconf 87' lang='lat' dir='ltr'><strong>tres</strong></span> <span class='ocrx_word' id='word_1_95' title='bbox 1829 1835 1943 1932; x_wconf 83' lang='lat' dir='ltr'><strong>Clas·</strong></span> <span class='ocrx_word' id='word_1_96' title='bbox 1984 1929 1988 1938; x_wconf 87' lang='lat'><strong>.</strong></span> 
     </span>
    </p>

    <p class='ocr_par' dir='ltr' id='par_1_7' title="bbox 400 1993 1971 2774">
     <span class='ocr_line' id='line_1_11' title="bbox 400 1993 1943 2128; baseline -0.001 -32"><span class='ocrx_word' id='word_1_97' title='bbox 400 2001 467 2096; x_wconf 75' lang='lat' dir='ltr'><strong>ses</strong></span> <span class='ocrx_word' id='word_1_98' title='bbox 489 1999 789 2124; x_wconf 71' lang='lat' dir='ltr'><strong>(templares,</strong></span> <span class='ocrx_word' id='word_1_99' title='bbox 818 1996 852 2088; x_wconf 80' lang='lat' dir='ltr'>fi</span> <span class='ocrx_word' id='word_1_100' title='bbox 878 1997 1015 2114; x_wconf 90' lang='lat' dir='ltr'><strong>libet)</strong></span> <span class='ocrx_word' id='word_1_101' title='bbox 1048 1997 1190 2091; x_wconf 87' lang='lat' dir='ltr'><strong>dividi</strong></span> <span class='ocrx_word' id='word_1_102' title='bbox 1213 1995 1384 2128; x_wconf 77' lang='lat' dir='ltr'><strong>possunt</strong></span> <span class='ocrx_word' id='word_1_103' title='bbox 1395 2063 1412 2111; x_wconf 94' lang='lat'><strong><em>,</em></strong></span> <span class='ocrx_word' id='word_1_104' title='bbox 1444 2031 1598 2124; x_wconf 87' lang='lat' dir='ltr'><strong>nempe</strong></span> <span class='ocrx_word' id='word_1_105' title='bbox 1624 2001 1760 2125; x_wconf 71' lang='lat' dir='ltr'><strong>Prima</strong></span> <span class='ocrx_word' id='word_1_106' title='bbox 1773 1993 1943 2120; x_wconf 74' lang='lat' dir='ltr'><strong>fisr&#39;mae,</strong></span> 
     </span>
     <span class='ocr_line' id='line_1_12' title="bbox 402 2156 1945 2292; baseline 0.003 -44"><span class='ocrx_word' id='word_1_107' title='bbox 402 2156 495 2254; x_wconf 79' lang='lat' dir='ltr'><strong>five</strong></span> <span class='ocrx_word' id='word_1_108' title='bbox 516 2157 653 2270; x_wconf 77' lang='lat' dir='ltr'><strong>Magni</strong></span> <span class='ocrx_word' id='word_1_109' title='bbox 668 2168 778 2249; x_wconf 83' lang='lat' dir='ltr'><strong>aeris:</strong></span> <span class='ocrx_word' id='word_1_110' title='bbox 810 2178 904 2248; x_wconf 91' lang='lat' dir='ltr'><strong>tum</strong></span> <span class='ocrx_word' id='word_1_111' title='bbox 923 2158 1060 2250; x_wconf 79' lang='lat' dir='ltr'><strong>Media</strong></span> <span class='ocrx_word' id='word_1_112' title='bbox 1075 2157 1244 2276; x_wconf 79' lang='lat' dir='ltr'><strong>forma,</strong></span> <span class='ocrx_word' id='word_1_113' title='bbox 1275 2180 1351 2292; x_wconf 83' lang='lat' dir='ltr'><strong>aut</strong></span> <span class='ocrx_word' id='word_1_114' title='bbox 1363 2159 1492 2252; x_wconf 76' lang='lat' dir='ltr'><strong>&#39;Medis&#39;</strong></span> <span class='ocrx_word' id='word_1_115' title='bbox 1512 2169 1619 2251; x_wconf 78' lang='lat' dir='ltr'><strong>arist</strong></span> <span class='ocrx_word' id='word_1_116' title='bbox 1651 2159 1945 2286; x_wconf 84' lang='lat' dir='ltr'><strong>deniquePar·</strong></span> 
     </span>
     <span class='ocr_line' id='line_1_13' title="bbox 403 2301 1948 2442; baseline 0 -32"><span class='ocrx_word' id='word_1_117' title='bbox 403 2329 446 2410; x_wconf 82' lang='lat' dir='ltr'><strong>ui</strong></span> <span class='ocrx_word' id='word_1_118' title='bbox 462 2301 656 2432; x_wconf 54' lang='lat' dir='ltr'><strong>nrisJseu</strong></span> <span class='ocrx_word' id='word_1_119' title='bbox 671 2325 811 2410; x_wconf 66' lang='lat' dir='ltr'><strong>modali</strong></span> <span class='ocrx_word' id='word_1_120' title='bbox 821 2381 838 2429; x_wconf 88' lang='lat'>‚</span> <span class='ocrx_word' id='word_1_121' title='bbox 859 2337 943 2408; x_wconf 86' lang='lat' dir='ltr'><strong>aut</strong></span> <span class='ocrx_word' id='word_1_122' title='bbox 956 2318 1103 2432; x_wconf 73' lang='lat' dir='ltr'><strong>fhrmae.</strong></span> <span class='ocrx_word' id='word_1_123' title='bbox 1163 2319 1390 2411; x_wconf 89' lang='lat' dir='ltr'><strong>Interdum</strong></span> <span class='ocrx_word' id='word_1_124' title='bbox 1410 2320 1728 2442; x_wconf 72' lang='lat' dir='ltr'><strong>magnitudines</strong></span> <span class='ocrx_word' id='word_1_125' title='bbox 1746 2321 1948 2412; x_wconf 74' lang='lat' dir='ltr'><strong>relative</strong></span> 
     </span>
     <span class='ocr_line' id='line_1_14' title="bbox 403 2473 1971 2614; baseline 0.002 -45"><span class='ocrx_word' id='word_1_126' title='bbox 403 2475 575 2569; x_wconf 79' lang='lat' dir='ltr'><strong>suntad</strong></span> <span class='ocrx_word' id='word_1_127' title='bbox 595 2473 763 2591; x_wconf 82' lang='lat' dir='ltr'><strong>saecula,</strong></span> <span class='ocrx_word' id='word_1_128' title='bbox 777 2479 964 2570; x_wconf 86' lang='lat' dir='ltr'><strong>maiores</strong></span> <span class='ocrx_word' id='word_1_129' title='bbox 984 2481 1096 2570; x_wconf 86' lang='lat' dir='ltr'><strong>enim</strong></span> <span class='ocrx_word' id='word_1_130' title='bbox 1117 2480 1260 2604; x_wconf 91' lang='lat' dir='ltr'><strong>primo</strong></span> <span class='ocrx_word' id='word_1_131' title='bbox 1279 2484 1322 2570; x_wconf 72' lang='grc' dir='ltr'><strong>δι</strong></span> <span class='ocrx_word' id='word_1_132' title='bbox 1342 2479 1480 2614; x_wconf 80' lang='lat' dir='ltr'><strong>altero</strong></span> <span class='ocrx_word' id='word_1_133' title='bbox 1499 2483 1799 2602; x_wconf 86' lang='lat' dir='ltr'><strong>Augustorum</strong></span> <span class='ocrx_word' id='word_1_134' title='bbox 1817 2480 1948 2574; x_wconf 75' lang='lat' dir='ltr'><strong>[tetu-</strong></span> <span class='ocrx_word' id='word_1_135' title='bbox 1968 2563 1971 2572; x_wconf 88' lang='lat'><strong>.</strong></span> 
     </span>
     <span class='ocr_line' id='line_1_15' title="bbox 401 2631 1951 2774; baseline -0.001 -44"><span class='ocrx_word' id='word_1_136' title='bbox 401 2631 452 2730; x_wconf 90' lang='lat' dir='ltr'><strong>lo</strong></span> <span class='ocrx_word' id='word_1_137' title='bbox 476 2637 676 2774; x_wconf 79' lang='lat' dir='ltr'><strong>videmus</strong></span> <span class='ocrx_word' id='word_1_138' title='bbox 693 2669 847 2730; x_wconf 86' lang='lat' dir='ltr'><strong>numos</strong></span> <span class='ocrx_word' id='word_1_139' title='bbox 865 2669 1028 2752; x_wconf 86' lang='lat' dir='ltr'><strong>aereos,</strong></span> <span class='ocrx_word' id='word_1_140' title='bbox 1047 2647 1178 2763; x_wconf 75' lang='lat' dir='ltr'><strong>quain</strong></span> <span class='ocrx_word' id='word_1_141' title='bbox 1195 2637 1285 2730; x_wconf 81' lang='lat' dir='ltr'><strong>fe&#39;ne</strong></span> <span class='ocrx_word' id='word_1_142' title='bbox 1307 2642 1450 2731; x_wconf 89' lang='lat' dir='ltr'><strong>tertio.</strong></span> <span class='ocrx_word' id='word_1_143' title='bbox 1514 2641 1786 2759; x_wconf 78' lang='lat' dir='ltr'><strong>observavi,</strong></span> <span class='ocrx_word' id='word_1_144' title='bbox 1804 2665 1951 2733; x_wconf 77' lang='lat' dir='ltr'><strong>aeneos</strong></span> 
     </span>
    </p>
   </div>
   <div class='ocr_carea' id='block_1_7' title="bbox 404 2801 2021 3079">
    <p class='ocr_par' dir='ltr' id='par_1_8' title="bbox 404 2801 2021 3079">
     <span class='ocr_line' id='line_1_16' title="bbox 404 2801 1948 2924; baseline -0.002 -36"><span class='ocrx_word' id='word_1_145' title='bbox 404 2825 562 2888; x_wconf 80' lang='lat' dir='ltr'><strong>numos</strong></span> <span class='ocrx_word' id='word_1_146' title='bbox 589 2801 915 2918; x_wconf 88' lang='lat' dir='ltr'><strong>Augustorum,</strong></span> <span class='ocrx_word' id='word_1_147' title='bbox 945 2801 1141 2924; x_wconf 73' lang='lat' dir='ltr'><strong>Romani</strong></span> <span class='ocrx_word' id='word_1_148' title='bbox 1166 2801 1419 2912; x_wconf 76' lang='lat' dir='ltr'><strong>commatis,</strong></span> <span class='ocrx_word' id='word_1_149' title='bbox 1450 2803 1584 2894; x_wconf 77' lang='lat' dir='ltr'><strong>Prima</strong></span> <span class='ocrx_word' id='word_1_150' title='bbox 1595 2803 1763 2920; x_wconf 65' lang='lat' dir='ltr'><strong>firma,</strong></span> <span class='ocrx_word' id='word_1_151' title='bbox 1784 2829 1845 2890; x_wconf 86' lang='lat' dir='ltr'><strong>ex</strong></span> <span class='ocrx_word' id='word_1_152' title='bbox 1866 2823 1948 2891; x_wconf 84' lang='lat' dir='ltr'><strong>aere</strong></span> 
     </span>
     <span class='ocr_line' id='line_1_17' title="bbox 406 2947 2021 3079; baseline 0.005 -33"><span class='ocrx_word' id='word_1_153' title='bbox 406 2956 528 3046; x_wconf 83' lang='lat' dir='ltr'><strong>flavo</strong></span> <span class='ocrx_word' id='word_1_154' title='bbox 539 3018 556 3069; x_wconf 93' lang='lat'><em>‚</em></span> <span class='ocrx_word' id='word_1_155' title='bbox 587 2957 663 3048; x_wconf 89' lang='lat' dir='ltr'><strong>vel</strong></span> <span class='ocrx_word' id='word_1_156' title='bbox 681 2960 818 3048; x_wconf 88' lang='lat' dir='ltr'><strong>rarius</strong></span> <span class='ocrx_word' id='word_1_157' title='bbox 837 2990 862 3047; x_wconf 86' lang='lat' dir='ltr'><strong>e</strong></span> <span class='ocrx_word' id='word_1_158' title='bbox 883 2961 1046 3050; x_wconf 87' lang='lat' dir='ltr'><strong>mixto:</strong></span> <span class='ocrx_word' id='word_1_159' title='bbox 1078 2981 1123 3048; x_wconf 91' lang='lat' dir='ltr'><strong>at</strong></span> <span class='ocrx_word' id='word_1_160' title='bbox 1141 2987 1282 3048; x_wconf 87' lang='lat' dir='ltr'><strong>aeneos</strong></span> <span class='ocrx_word' id='word_1_161' title='bbox 1300 2958 1451 3044; x_wconf 85' lang='lat' dir='ltr'><strong>mediae</strong></span> <span class='ocrx_word' id='word_1_162' title='bbox 1471 2962 1513 3046; x_wconf 79' lang='lat' dir='ltr'><strong>dt</strong></span> <span class='ocrx_word' id='word_1_163' title='bbox 1532 2947 1679 3079; x_wconf 76' lang='lat' dir='ltr'><strong>p&#39;arvae</strong></span> <span class='ocrx_word' id='word_1_164' title='bbox 1708 2957 1862 3052; x_wconf 82' lang='lat' dir='ltr'><strong>fonnae</strong></span> <span class='ocrx_word' id='word_1_165' title='bbox 1889 2983 1946 3046; x_wconf 81' lang='lat' dir='ltr'><strong>ex</strong></span> <span class='ocrx_word' id='word_1_166' title='bbox 2018 3047 2021 3054; x_wconf 85' lang='lat'><strong>.</strong></span> 
     </span>
    </p>
   </div>
   <div class='ocr_carea' id='block_1_8' title="bbox 314 3112 1944 3242">
    <p class='ocr_par' dir='ltr' id='par_1_9' title="bbox 314 3112 1944 3242">
     <span class='ocr_line' id='line_1_18' title="bbox 314 3112 1944 3242; baseline -0.003 -34"><span class='ocrx_word' id='word_1_167' title='bbox 314 3151 317 3158; x_wconf 88' lang='lat'>·</span> <span class='ocrx_word' id='word_1_168' title='bbox 407 3112 528 3208; x_wconf 86' lang='lat' dir='ltr'><strong>flavo</strong></span> <span class='ocrx_word' id='word_1_169' title='bbox 546 3116 725 3238; x_wconf 84' lang='lat' dir='ltr'><strong>perinde</strong></span> <span class='ocrx_word' id='word_1_170' title='bbox 744 3150 796 3209; x_wconf 85' lang='lat' dir='ltr'><strong>ac</strong></span> <span class='ocrx_word' id='word_1_171' title='bbox 815 3119 985 3242; x_wconf 80' lang='lat' dir='ltr'><strong>Cyprio</strong></span> <span class='ocrx_word' id='word_1_172' title='bbox 1019 3149 1102 3209; x_wconf 82' lang='lat' dir='ltr'><strong>aere</strong></span> <span class='ocrx_word' id='word_1_173' title='bbox 1131 3117 1343 3208; x_wconf 88' lang='lat' dir='ltr'><strong>conflatos</strong></span> <span class='ocrx_word' id='word_1_174' title='bbox 1368 3147 1625 3231; x_wconf 84' lang='lat' dir='ltr'><strong>occurrere3</strong></span> <span class='ocrx_word' id='word_1_175' title='bbox 1657 3117 1710 3208; x_wconf 87' lang='lat' dir='ltr'><strong>de</strong></span> <span class='ocrx_word' id='word_1_176' title='bbox 1729 3116 1944 3208; x_wconf 78' lang='lat' dir='ltr'><strong>Romana</strong></span> 
     </span>
    </p>
   </div>
   <div class='ocr_carea' id='block_1_9' title="bbox 242 3273 1945 3403">
    <p class='ocr_par' dir='ltr' id='par_1_10' title="bbox 242 3273 1945 3403">
     <span class='ocr_line' id='line_1_19' title="bbox 242 3273 1945 3403; baseline -0.001 -40"><span class='ocrx_word' id='word_1_177' title='bbox 242 3291 245 3296; x_wconf 86' lang='grc'><strong>’</strong></span> <span class='ocrx_word' id='word_1_178' title='bbox 408 3295 594 3366; x_wconf 76' lang='lat' dir='ltr'><strong>monetae</strong></span> <span class='ocrx_word' id='word_1_179' title='bbox 613 3273 837 3398; x_wconf 75' lang='lat' dir='ltr'><strong>signaturis</strong></span> <span class='ocrx_word' id='word_1_180' title='bbox 855 3281 1036 3403; x_wconf 90' lang='lat' dir='ltr'><strong>loquor:</strong></span> <span class='ocrx_word' id='word_1_181' title='bbox 1066 3277 1193 3368; x_wconf 87' lang='lat' dir='ltr'><strong>aliter</strong></span> <span class='ocrx_word' id='word_1_182' title='bbox 1212 3276 1389 3368; x_wconf 85' lang='lat' dir='ltr'><strong>enimse</strong></span> <span class='ocrx_word' id='word_1_183' title='bbox 1406 3307 1474 3368; x_wconf 88' lang='lat' dir='ltr'><strong>res</strong></span> <span class='ocrx_word' id='word_1_184' title='bbox 1493 3275 1624 3380; x_wconf 87' lang='lat' dir='ltr'><strong>habet</strong></span> <span class='ocrx_word' id='word_1_185' title='bbox 1642 3277 1688 3367; x_wconf 92' lang='lat' dir='ltr'><strong>in</strong></span> <span class='ocrx_word' id='word_1_186' title='bbox 1708 3277 1853 3372; x_wconf 83' lang='lat' dir='ltr'><strong>nuruis</strong></span> <span class='ocrx_word' id='word_1_187' title='bbox 1864 3277 1945 3364; x_wconf 91' lang='lat' dir='ltr'><strong>Co·</strong></span> 
     </span>
    </p>
   </div>
   <div class='ocr_carea' id='block_1_10' title="bbox 409 3435 1946 4365">
    <p class='ocr_par' dir='ltr' id='par_1_11' title="bbox 409 3435 1946 4365">
     <span class='ocr_line' id='line_1_20' title="bbox 411 3435 1303 3552; baseline 0.006 -27"><span class='ocrx_word' id='word_1_188' title='bbox 411 3435 666 3552; x_wconf 76' lang='lat' dir='ltr'><strong>laniatum,</strong></span> <span class='ocrx_word' id='word_1_189' title='bbox 695 3443 739 3530; x_wconf 79' lang='lat' dir='ltr'><strong>dr</strong></span> <span class='ocrx_word' id='word_1_190' title='bbox 757 3438 929 3538; x_wconf 87' lang='lat' dir='ltr'><strong>urbium</strong></span> <span class='ocrx_word' id='word_1_191' title='bbox 952 3437 1303 3530; x_wconf 79' lang='lat' dir='ltr'><strong>Graeciffantiunu</strong></span> 
     </span>
     <span class='ocr_line' id='line_1_21' title="bbox 489 3590 1944 3734; baseline -0.003 -46"><span class='ocrx_word' id='word_1_192' title='bbox 489 3704 494 3712; x_wconf 85' lang='lat'><strong>.</strong></span> <span class='ocrx_word' id='word_1_193' title='bbox 590 3597 787 3690; x_wconf 89' lang='lat' dir='ltr'><strong>Ratione</strong></span> <span class='ocrx_word' id='word_1_194' title='bbox 809 3599 979 3693; x_wconf 83' lang='lat' dir='ltr'><strong>Ponderis</strong></span> <span class='ocrx_word' id='word_1_195' title='bbox 999 3599 1272 3734; x_wconf 83' lang='lat' dir='ltr'><strong>appellantur</strong></span> <span class='ocrx_word' id='word_1_196' title='bbox 1291 3593 1412 3688; x_wconf 89' lang='lat' dir='ltr'><strong>numi</strong></span> <span class='ocrx_word' id='word_1_197' title='bbox 1435 3597 1630 3722; x_wconf 76' lang='lat' dir='ltr'><strong>plerique</strong></span> <span class='ocrx_word' id='word_1_198' title='bbox 1651 3597 1844 3720; x_wconf 85' lang='lat' dir='ltr'><strong>argentei</strong></span> <span class='ocrx_word' id='word_1_199' title='bbox 1868 3590 1944 3684; x_wconf 84' lang='lat' dir='ltr'><strong>mi·</strong></span> 
     </span>
     <span class='ocr_line' id='line_1_22' title="bbox 411 3735 1944 3884; baseline 0.001 -40"><span class='ocrx_word' id='word_1_200' title='bbox 411 3784 541 3846; x_wconf 86' lang='lat' dir='ltr'><strong>noras</strong></span> <span class='ocrx_word' id='word_1_201' title='bbox 560 3735 778 3850; x_wconf 83' lang='lat' dir='ltr'><strong>vocabulo</strong></span> <span class='ocrx_word' id='word_1_202' title='bbox 802 3762 1009 3853; x_wconf 78' lang='lat' dir='ltr'><strong>Dracbma.</strong></span> <span class='ocrx_word' id='word_1_203' title='bbox 1068 3763 1262 3852; x_wconf 82' lang='lat' dir='ltr'><strong>Drarbma</strong></span> <span class='ocrx_word' id='word_1_204' title='bbox 1280 3761 1341 3851; x_wconf 85' lang='lat' dir='ltr'><strong>est</strong></span> <span class='ocrx_word' id='word_1_205' title='bbox 1358 3760 1513 3851; x_wconf 77' lang='lat' dir='ltr'><strong>onava</strong></span> <span class='ocrx_word' id='word_1_206' title='bbox 1531 3791 1632 3884; x_wconf 88' lang='lat' dir='ltr'><strong>pars</strong></span> <span class='ocrx_word' id='word_1_207' title='bbox 1655 3761 1804 3875; x_wconf 76' lang='lat' dir='ltr'><strong>Unciae3</strong></span> <span class='ocrx_word' id='word_1_208' title='bbox 1834 3755 1944 3851; x_wconf 79' lang='lat' dir='ltr'><strong>libra</strong></span> 
     </span>
     <span class='ocr_line' id='line_1_23' title="bbox 410 3913 1946 4045; baseline -0.001 -42"><span class='ocrx_word' id='word_1_209' title='bbox 410 3945 547 4038; x_wconf 87' lang='lat' dir='ltr'><strong>porro</strong></span> <span class='ocrx_word' id='word_1_210' title='bbox 566 3913 774 4009; x_wconf 88' lang='lat' dir='ltr'><strong>Romana</strong></span> <span class='ocrx_word' id='word_1_211' title='bbox 793 3919 943 4041; x_wconf 76' lang='lat' dir='ltr'><strong>(quali</strong></span> <span class='ocrx_word' id='word_1_212' title='bbox 971 3919 1103 4011; x_wconf 88' lang='lat' dir='ltr'><strong>hodie</strong></span> <span class='ocrx_word' id='word_1_213' title='bbox 1130 3917 1478 4045; x_wconf 73' lang='lat' dir='ltr'><strong>pharmacopola</strong></span> <span class='ocrx_word' id='word_1_214' title='bbox 1512 3923 1725 4033; x_wconf 85' lang='lat' dir='ltr'><strong>utuntur)</strong></span> <span class='ocrx_word' id='word_1_215' title='bbox 1754 3915 1946 4010; x_wconf 84' lang='lat' dir='ltr'><strong>continet</strong></span> 
     </span>
     <span class='ocr_line' id='line_1_24' title="bbox 409 4071 1589 4202; baseline 0.008 -41"><span class='ocrx_word' id='word_1_216' title='bbox 409 4081 533 4174; x_wconf 79' lang='lat' dir='ltr'><strong>untias</strong></span> <span class='ocrx_word' id='word_1_217' title='bbox 551 4071 806 4168; x_wconf 87' lang='lat' dir='ltr'><strong>duodecim:</strong></span> <span class='ocrx_word' id='word_1_218' title='bbox 838 4111 942 4202; x_wconf 88' lang='lat' dir='ltr'><strong>ergo</strong></span> <span class='ocrx_word' id='word_1_219' title='bbox 961 4085 1173 4174; x_wconf 75' lang='lat' dir='ltr'><strong>Dracbmas</strong></span> <span class='ocrx_word' id='word_1_220' title='bbox 1187 4077 1263 4170; x_wconf 83' lang='lat' dir='ltr'><strong>sax</strong></span> <span class='ocrx_word' id='word_1_221' title='bbox 1283 4081 1326 4172; x_wconf 83' lang='lat' dir='ltr'><strong>dt</strong></span> <span class='ocrx_word' id='word_1_222' title='bbox 1344 4079 1589 4202; x_wconf 82' lang='lat' dir='ltr'><strong>nonaginta.</strong></span> 
     </span>
     <span class='ocr_line' id='line_1_25' title="bbox 585 4221 1946 4365; baseline 0.002 -42"><span class='ocrx_word' id='word_1_223' title='bbox 585 4233 728 4323; x_wconf 86' lang='lat' dir='ltr'><strong>AErea</strong></span> <span class='ocrx_word' id='word_1_224' title='bbox 747 4239 953 4331; x_wconf 85' lang='lat' dir='ltr'><strong>Romana</strong></span> <span class='ocrx_word' id='word_1_225' title='bbox 980 4243 1121 4365; x_wconf 89' lang='lat' dir='ltr'><strong>prima</strong></span> <span class='ocrx_word' id='word_1_226' title='bbox 1139 4221 1395 4334; x_wconf 81' lang='lat' dir='ltr'><strong>numismata</strong></span> <span class='ocrx_word' id='word_1_227' title='bbox 1418 4240 1722 4355; x_wconf 67' lang='lat' dir='ltr'><strong>inuruntur,</strong></span> <span class='ocrx_word' id='word_1_228' title='bbox 1751 4238 1811 4334; x_wconf 88' lang='lat' dir='ltr'><strong>As</strong></span> <span class='ocrx_word' id='word_1_229' title='bbox 1835 4232 1946 4325; x_wconf 81' lang='lat' dir='ltr'><strong>dice·</strong></span> 
     </span>
    </p>
   </div>
   <div class='ocr_carea' id='block_1_11' title="bbox 406 4383 1946 4674">
    <p class='ocr_par' dir='ltr' id='par_1_12' title="bbox 406 4383 1946 4674">
     <span class='ocr_line' id='line_1_26' title="bbox 406 4383 1946 4534; baseline 0.008 -63"><span class='ocrx_word' id='word_1_230' title='bbox 406 4383 582 4478; x_wconf 88' lang='lat' dir='ltr'><strong>bantur:</strong></span> <span class='ocrx_word' id='word_1_231' title='bbox 612 4395 846 4509; x_wconf 79' lang='lat' dir='ltr'><strong>Dupandius</strong></span> <span class='ocrx_word' id='word_1_232' title='bbox 873 4399 984 4492; x_wconf 85' lang='lat' dir='ltr'><strong>duos</strong></span> <span class='ocrx_word' id='word_1_233' title='bbox 1002 4401 1179 4496; x_wconf 85' lang='lat' dir='ltr'><strong>valebat</strong></span> <span class='ocrx_word' id='word_1_234' title='bbox 1203 4401 1345 4496; x_wconf 81' lang='lat' dir='ltr'><strong>Affes.</strong></span> <span class='ocrx_word' id='word_1_235' title='bbox 1423 4399 1543 4502; x_wconf 73' lang='lat' dir='ltr'><strong>Atro</strong></span> <span class='ocrx_word' id='word_1_236' title='bbox 1561 4399 1788 4534; x_wconf 83' lang='lat' dir='ltr'><strong>dimidium</strong></span> <span class='ocrx_word' id='word_1_237' title='bbox 1805 4395 1865 4487; x_wconf 80' lang='lat' dir='ltr'><strong>est</strong></span> <span class='ocrx_word' id='word_1_238' title='bbox 1881 4389 1946 4484; x_wconf 78' lang='lat' dir='ltr'><strong>Se·</strong></span> 
     </span>
     <span class='ocr_line' id='line_1_27' title="bbox 488 4563 1887 4674; baseline 0.001 -7"><span class='ocrx_word' id='word_1_239' title='bbox 488 4569 490 4576; x_wconf 35' lang='lat'><strong>¹</strong></span> <span class='ocrx_word' id='word_1_240' title='bbox 1107 4595 1112 4615; x_wconf 89' lang='lat'><em>‘</em></span> <span class='ocrx_word' id='word_1_241' title='bbox 1791 4563 1887 4674; x_wconf 64' lang='lat' dir='ltr'><strong>miss</strong></span> 
     </span>
    </p>
   </div>
   <div class='ocr_carea' id='block_1_12' title="bbox 0 0 2109 5574">
    <p class='ocr_par' dir='ltr' id='par_1_13' title="bbox 0 0 2109 5574">
     <span class='ocr_line' id='line_1_28' title="bbox 0 0 2109 5574; baseline 0 0"><span class='ocrx_word' id='word_1_242' title='bbox 0 0 2109 5574; x_wconf 95' lang='lat' dir='ltr'><strong> </strong></span> 
     </span>
    </p>
   </div>
  </div>
 </body>
</html>
