4202 5574
443 535 445 540 '
573 548 638 611 nu
698 516 873 608 Numae
936 518 1353 626 Aunrounsenmns.
1668 521 1721 628 1'5

191 734 274 844 pira
293 723 364 812 Hi.
388 721 456 811 IV.
477 717 564 820 &a
595 717 725 842 usque
756 725 810 826 ,ad
836 683 989 808 XVIII.
1049 717 1163 806 Item
1197 709 1485 834 Tomisecuudi,
1517 713 1639 805 Partis
1667 717 1721 805 Η.

197 892 404 973 continuatae
413 946 429 991 ,
458 881 555 972 Seri.
589 881 660 970 ΠΙ.
691 883 779 997 Cup.
812 881 840 967 Ι.
871 879 989 970 Aren.
1012 881 1042 970 Ι.
1067 873 1153 980 &a
1175 873 1233 978 &³
1253 872 1343 994 Cap.
1367 873 1440 962 XI.
1460 905 1544 963 tum
1565 874 1721 966 Tabulis

182 1047 386 1164 srguorum.
514 1125 516 1130 ,
594 1143 599 1154 ,

372 1197 752 1316 Monogrammata
780 1229 913 1310 vero,
954 1203 997 1290 oz
1027 1219 1151 1288 notae
1183 1193 1558 1319 compendiarias,
1590 1214 1721 1318 atque
1836 1214 1840 1223 '

195 1357 331 1446 literis
354 1359 548 1447 conneeii
566 1356 711 1450 solitas
722 1422 738 1470 ‚
768 1390 866 1480 quae
877 1362 923 1446 in
946 1358 1208 1449 Graecanicis
1227 1355 1367 1445 numis
1390 1355 1720 1478 quibuscunque

193 1514 601 1625 observaveramus,
628 1512 691 1604 sat
708 1516 860 1638 amplis
881 1517 1101 1636 Catalogis
1114 1515 1318 1624 *dedimus
1347 1517 1393 1603 in
1412 1513 1549 1604 alteru
1567 1515 1719 1604 editio·
1847 1629 1848 1632 w
1979 1559 1983 1574 „

194 1710 248 1765 ne
277 1654 427 1799 opellre
464 1675 615 1765 nostrae
640 1705 651 1763 ε
681 1678 839 1768 Annales
866 1685 1123 1797 eomprendiarii
1152 1675 1297 1788 Regum
1324 1675 1383 1782 ὅς’
1414 1673 1558 1765 Rerum
1582 1676 1716 1791 Syria.

191 1835 384 1925 Plurima
403 1836 559 1924 horum
580 1832 753 1954 fingulis
768 1823 1003 1927 'numorurn
1023 1834 1289 1959 explicandis
1309 1832 1515 1926 Claffibus
1523 1898 1542 1947 ‚
1562 1833 1717 1924 tironis

191 1998 451 2105 commodo,
479 1991 699 2083 inserenda
725 1995 978 2088 curabimus
1522 1963 1527 1979 Β
1680 2101 1686 2116 ⁸

215 2183 225 2202 ·
370 2152 604 2276 Proposttis
626 2177 845 2278 utcunque
866 2180 940 2246 aut
956 2155 1104 2247 saltem
1118 2154 1329 2246 delibatis
1348 2155 1473 2244 rebus
1495 2151 1580 2243 illis
1590 2217 1605 2264 ‚
1621 2183 1715 2276 quae

188 2301 428 2433 generatim
447 2313 503 2404 ad
526 2314 752 2436 Legendas
782 2347 1012 2409 numorum
1045 2315 1298 2442 epigraphes
1329 2313 1492 2404 faciunt
1503 2315 1519 2425 ‚'
1550 2311 1714 2434 aliquid

187 2473 243 2561 tie
264 2473 537 2564 vetustissima
558 2477 740 2598 pecunia
755 2499 881 2566 antea
900 2476 1232 2576 memorandum
1253 2476 1479 2585 duximus,
1510 2505 1638 2596 quam
1657 2472 1713 2564 ad

184 2630 419 2753 lingulares
439 2664 666 2723 numorum
688 2633 845 2723 Claffes
866 2639 1056 2732 tironem
1082 2637 1357 2727 deducamus.

365 2791 566 2902 Hebraei,
598 2823 651 2880 an
670 2794 835 2904 Graeci,
858 2803 932 2882 eut
952 2797 1183 2918 AEgyptii,
1214 2792 1447 2904 Phoenicii,
1477 2793 1608 2882 aliive
1637 2825 1713 2914 po·

182 2949 278 3074 puli
306 2980 459 3040 numos
488 2951 618 3070 primi
649 2947 934 3069 fignaverint5
964 2956 1047 3042 vix
1080 2929 1302 3075 quisquam
1331 2951 1510 3040 decidet.
1569 2952 1721 3042 Mitto-

183 3139 288 3220 eon,
319 3110 393 3230 qui
423 3129 522 3197 ante
553 3107 767 3229 diluvium
797 3114 1007 3224 Geinum,
1035 3112 1110 3203 vel
1137 3111 1484 3223 Tubalcainum‚
1516 3110 1589 3201 vel
1615 3113 1710 3234 post

182 3267 402 3357 diluvium
433 3269 625 3388 Magog‚
666 3270 710 3358 T
712 3268 888 3385 haram,
924 3271 1263 3385 Abrahamunr,
1301 3267 1463 3360 aliosve
1497 3271 1709 3362 Hebraeos

180 3429 376 3550 pecuniae
401 3423 521 3517 fuisse
533 3431 789 3520 inventores
809 3433 1048 3520 conieoh‘mt
1058 3497 1074 3544 ,
1087 3428 1160 3521 sed
1179 3417 1354 3520 minime
1375 3430 1590 3520 evincunt
1622 3429 1713 3522 Mi·
1790 3399 1793 3406 ἢ

181 3585 227 3673 hi
247 3617 299 3674 ea
317 3586 396 3674 stat
413 3583 642 3677 sententia:
673 3593 893 3712 propriam
924 3591 1148 3702 Hebraeis,
1178 3589 1470 3711 fignatamque
1499 3587 1553 3676 ab
1584 3587 1710 3710 ipsus,
1851 3653 1858 3668 ,

180 3744 412 3868 pecuniam
430 3767 504 3834 aut
523 3777 610 3840 non
627 3743 749 3836 fuiise
766 3751 865 3839 'ante
882 3749 1131 3843 Simeonem
1143 3749 1469 3842 Macchabaeum
1479 3812 1494 3859 ‚
1508 3778 1621 3838 anno
1637 3777 1710 3836 an·

180 3926 226 3994 te
257 3897 581 3999 manumitti
621 3909 826 4020 CXLII,
857 3933 932 4001 aut
961 3910 1060 4000 sane
1089 3934 1284 4002 monetas
1310 3909 1573 4016 Hebraicas,
1603 3937 1710 3996 vere
1774 3927 1777 3932 ’

180 4067 381 4183 antiquas
393 4127 409 4174 ,
440 4064 782 4192 anterioresque7
812 4099 901 4157 non
933 4090 1108 4181 extare,
1138 4068 1465 4192 nequeclaram
1484 4067 1711 4189 suppetere

178 4225 508 4334 austoritatem‚
537 4257 623 4345 qua
654 4229 920 4317 contrarium
949 4229 1195 4319 stabiliatur.
1267 4227 1430 4318 Firtitii
1468 4219 1593 4316 numi
1612 4223 1715 4317 sunt.

179 4409 362 4490 omnes,
391 4379 601 4497 AffyriO,
631 4383 705 4512 [eu
729 4387 941 4480 hodierno
973 4389 1194 4481 Hebraico
1223 4387 1477 4479 Charattere
1499 4387 1679 4509 infignes
1690 4452 1709 4498 ,
1796 4399 1800 4406 ’

179 4569 293 4662 quos
313 4538 489 4660 quidem
513 4541 635 4680 vidi3
663 4543 915 4665 sedsynceri
933 4550 1215 4652 Samaritano
1236 4545 1373 4640 literis
1390 4541 1486 4638 sunt
1504 4546 1714 4668 inscripti.

936 4735 945 4746 “
1442 4787 1445 4794 ,
1563 4707 1651 4796 Ve·
