4224 5572
482 393 1485 486 RnonsCoumaounna
1654 425 1737 514 ng
1910 401 1924 422 ·
2100 369 2101 460 4

215 617 405 694 ornatur
435 593 676 716 Inscriptio.
694 593 911 716 utrimque
941 589 1113 683 Persico
1144 593 1415 708 charasiere,
1434 594 1542 692 mihi
1572 596 1734 717 ignoto.

215 763 392 852 Horum
420 753 719 846 numismatum
745 750 959 876 specimen
990 751 1172 872 vulgavi
1198 751 1304 845 alias
1320 756 1358 840 ’έ
1386 755 1507 844 Gaza
1531 753 1736 844 FRAN-

215 917 385 1008 CISCI.
405 917 515 1039 Imp.
537 919 654 1034 Aug.
676 978 692 1026 ,
724 913 798 1034 qui
824 909 1081 1030 ejuscemodi
1109 910 1329 1022 Persicas,
1359 935 1581 1032 argenteas
1614 907 1734 1018 sere,

214 1098 410 1168 monetas
439 1076 614 1168 tricenis
642 1074 787 1198 plures
814 1072 1031 1199 possidet,
1068 1093 1221 1194 praeter
1250 1070 1400 1164 seriem
1429 1071 1738 1164 Arsacidarum

217 1235 550 1343 Parthicum,
581 1236 655 1357 qui
681 1234 764 1324 hos
794 1231 941 1325 Persae
972 1230 1243 1355 praecessere,
1272 1237 1315 1324 δι
1347 1231 1499 1324 seriem
1525 1232 1570 1322 in
1597 1234 1740 1324 numia

216 1397 346 1488 aliam
378 1395 657 1518 Casipharum
684 1393 1024 1502 Saracenorum,
1057 1394 1132 1513 qui
1158 1392 1304 1484 Persae
1333 1395 1435 1486 istos
1457 1425 1578 1516 reges
1596 1393 1740 1510 (Sosia

218 1561 260 1650 it
285 1555 403 1675 Ignis
424 1552 698 1667 adoratores„
714 1555 801 1642 ritu
820 1572 1017 1644 veterum
1027 1549 1249 1644 Persarum
1269 1551 1501 1645 instaurato
1520 1553 1740 1672 infignes)

218 1713 370 1806 Perstae
398 1743 533 1834 regno
565 1733 802 1836 exegerunt
827 1743 940 1804 anno
970 1717 1094 1820 6na.‚
1125 1711 1228 1802 dum
1251 1712 1527 1810 Mahometer
1557 1709 1774 1836 Calipha.

215 1876 243 1990 J
245 1872 516 2000 ezdegirdem
537 1873 621 1965 ΙΙΙ.
648 1905 792 1996 regem
817 1873 1062 1966 debellavit.

723 2141 871 2280 Reges
916 2137 1248 2278 Commagenes.

400 2356 757 2476 Commagene'in
776 2354 974 2450 confiniis
994 2357 1132 2473 Syriae
1149 2363 1191 2448 δι
1211 2357 1373 2447 Ciliciae
1394 2354 1450 2446 ad
1472 2353 1744 2480 Euphratem

225 2513 386 2634 exigna
407 2516 554 2634 regio,
586 2517 706 2630 cujus
737 2514 989 2636 metropolin
1019 2513 1266 2625 Samosata,
1297 2517 1499 2637 proprior
1528 2544 1649 2634 regen
1668 2501 1765 2604 sat?

226 2695 317 2764 tam
336 2703 363 2760 a
382 2674 462 2761 Cn.
481 2675 677 2796 Pompeji
697 2673 854 2791 Magni
869 2673 1135 2795 temporibus
1156 2673 1332 2784 habuit,
1359 2670 1491 2793 usque
1507 2673 1565 2764 ad
1587 2671 1747 2795 Vespa·

226 2830 329 2921 stani
358 2832 476 2948 Aug.
501 2817 757 2953 imperium(
802 2833 950 2953 Reges
977 2833 1077 2928 istos
1107 2833 1388 2924 eSeleucidia
1406 2832 1544 2948 syriae
1574 2831 1745 2952 regibus

225 3010 347 3080 ortos
369 2987 706 3100 suisse‚suadent
731 2996 774 3084 ἃ
796 2993 960 3086 Antiochi
979 2967 1136 3084 nornen
1146 3055 1162 3105 ‚
1192 3003 1229 3084 in
1247 3002 1368 3084 narnis
1386 3023 1511 3085 eornm
1528 3001 1635 3082 certis
1653 3021 1748 3113 per·

226 3171 405 3274 petuum
418 3214 434 3261 ,
475 3152 518 3239 δι
545 3147 765 3270 adsignata
793 3153 993 3265 Arrium,
1038 3175 1166 3290 atque
1198 3119 1314 3248 tituli
1341 3181 1513 3274 quoque
1546 3149 1745 3244 uulua-

227 3309 400 3399 Nona
419 3312 462 3397 δι
483 3309 796 3401 ΜΕΓΑΛΟῬ.
816 3342 841 3404 a
860 3311 1096 3404 Seleucidis
1117 3335 1242 3402 antea
1262 3309 1465 3433 usurpati

402 3465 675 3558 Numismata
701 3501 818 3560 aenea
848 3467 969 3582 sunt,
999 3469 1091 3561 sere
1114 3474 1258 3590 magni
1277 3471 1464 3564 moduli:
1496 3471 1641 3594 Caput
1660 3469 1749 3560 dia·

228 3625 446 3718 domatum
465 3623 654 3716 imberbe
674 3631 813 3748 regis,
844 3629 994 3725 addito
1021 3631 1194 3722 nomine
1224 3630 1446 3754 titulisque
1476 3661 1562 3721 una
1582 3661 1638 3719 ex
1655 3661 1748 3750 par·

227 3805 271 3876 te
282 3847 301 3898 ‚
327 3773 415 3874 ‘vel
441 3783 622 3904 Reginae
651 3787 819 3910 Caput,
850 3787 1083 3878 ostentant:
1114 3792 1159 3878 in
1189 3789 1338 3880 aversa
1367 3789 1573 3914 Scorpius
1582 3855 1599 3904 ,
1631 3791 1743 3905 (aut
1786 3877 1788 3884 .

229 3946 408 4036 Cornua
429 3945 604 4068 Copia)
623 3945 698 4036 vel
718 3918 1034 4070 Capricornum
1064 3945 1229 4070 singula
1248 3951 1361 4040 intra
1379 3918 1596 4063 lauream,
1617 3944 1745 4036 exhi-

227 4099 413 4218 bentur;
442 4135 749 4230 nonnunquam
781 4107 928 4200 addita
947 4107 1184 4223 Androm,
1216 4141 1315 4204 cum
1335 4110 1584 4234 Epigraphe
1613 4091 1750 4227 regio·

229 4264 296 4354 uie
326 4266 589 4374 Coramagennn
599 4328 617 4379 ‚
646 4289 720 4360 aut
743 4270 905 4362 Ciliciae
935 4271 1088 4394 populi
1109 4275 1415 4385 Laconatarum3
1444 4293 1521 4360 aut
1548 4267 1658 4384 alia,
1686 4269 1755 4358 uti
1879 4327 1883 4346 ‚
2011 4295 2015 4305 ·

229 4419 505 4542 Sebastenorum
524 4423 698 4520 Cilicia.

831 4632 836 4641 2
952 4585 1047 4677 Dd
1076 4615 1099 4703 3
1520 4591 1712 4714 Regumv
