4138 5568
422 552 432 566 ,
531 459 1460 568 Κιῦιεὸιοιιιί,
1659 497 1739 588 rm

208 653 341 762 iiterae
361 664 626 790 quadam,
615 695 660 752 ιιι
680 667 892 784 argenteis
905 665 1180 776 Alexandri,
1213 664 1432 786 defignent
1447 693 1581 760 annos
1600 675 1738 793 regni,

209 841 375 921 'certum
396 858 484 918 ιιοιι
505 827 573 916 est.
635 819 770 914 AEnei
790 817 956 914 numuli
986 825 1036 912 Β.
1056 827 1116 913 A.
1138 826 1250 918 uel
1239 845 1404 946 integre
1424 829 1742 923 ΒΑΣΙΛΕΩΣ.

208 985 369 1078 Anu*
345 985 639 1082 ..ΑΝΔΡΟὯ
665 1015 763 1072 cum
787 985 931 1106 capite
958 983 1190 1096 Herculis,
1220 987 1411 1076 &armis
1441 991 1558 1103 ejus,
1587 989 1664 1078 vel
1682 991 1739 1082 ad

35 1129 39 1135 ’
208 1141 769 1266 magnumst-Alexandrum,
796 1135 869 1232 vel
889 1142 943 1232 ad
968 1143 1249 1266 posteriorem
1270 1145 1458 1266 aliquem
1475 1143 1626 1236 referri
1647 1147 1738 1272 poi-

207 1307 314 1398 sun't.
378 1306 519 1395 Numi
538 1308 642 1395 aenei
671 1335 770 1394 curn
791 1305 944 1424 Capite
976 1303 1224 1394 Alexandri
1246 1305 1427 1426 Magni,
1459 1293 1739 1402 ΑΛΕΞΑΝ-

208 1467 386 1558 ΔΡΟῬ.
419 1473 460 1558 u
487 1466 532 1554 in
553 1463 701 1553 averia
728 1486 849 1583 parte
871 1461 1145 1553 KOINON.
1176 1465 1604 1555 ΜΑΚΕΔΟΝΩΝ.
1637 1497 1737 1560 cum

205 1628 340 1718 variis
359 1622 513 1744 fignis,
543 1609 712 1746 procusa
729 1620 827 1710 sunt
863 1623 994 1712 tertio
1016 1623 1112 1742 post
1130 1621 1345 1712 Christum
1372 1622 1536 1714 saeculo.
1597 1625 1735 1716 Inter·

206 1785 312 1876 dum
330 1789 426 1873 Leo
446 1785 491 1872 in
511 1783 687 1871 vetustis
718 1781 966 1871 Alexandri
993 1783 1058 1870 M.
1081 1781 1228 1892 numis-
1256 1783 1529 1907 conspicitur.
1590 1787 1735 1908 Caput

204 1943 398 2062 ejusdem
419 1973 556 2052 cornu
578 1941 724 2062 arietis
747 1941 966 2032 interdum
990 1965 1192 2036 ornatum
1211 1945 1296 2056 est,
1322 1945 1439 2068 quod
1460 1944 1618 2034 imitati
1636 1945 1732 2035 sunt

123 2182 127 2191 .
203 2100 467 2195 succefforee'
485 2098 611 2194 divifi
638 2102 775 2228 regni·

637 2371 789 2476 Series
812 2375 1006 2510 Regum¹
1020 2367 1288 2497 Sicninum.
1374 2326 1380 2338 Ι

380 2591 466 2678 Gelo
433 2584 749 2704 [Syracosrus
777 2591 1059 2702 tyrannidem
1075 2589 1300 2706 Syracusas
1331 2588 1484 2713 arripit
1514 2587 1627 2679 circa
1659 2617 1726 2678 an.

202 2745 533 2890 auteChristum
552 2773 651 2862 491.
673 2745 746 2834 vel
769 2745 918 2836 serium
1610 2833 1614 2842 ,
1735 2750 1811 2818 Ante
1817 2745 1913 2822 Xan

294 2879 573 2997 Moritur
594 2905 733 3015 G'eio,
743 2877 1107 2996 succeditziiater
1131 2909 1241 3022 ejus
1235 2907 1365 2998 Hiero
1424 2903 1578 2996 Ambo
1603 2901 1725 2998 fuere
1755 2917 1818 2996 478

35 3089 47 3124 ³
201 3093 226 3151 e
248 3063 417 3187 plebeJo
438 3097 620 3184 genere,
653 3065 880 3154 Diomenis
906 3063 996 3154 filit

16 3227 18 3232 ’
188 3263 194 3272 ·
345 3225 445 3312 ·1Ge
429 3231 516 3314 lonis
534 3223 639 3313 aenei
658 3226 803 3334 numi,
826 3219 1019 3313 referunt
1038 3226 1181 3345 Caput
1201 3225 1290 3337 ejus
1318 3163 1751 3330 diadematum,vel
1849 3191 1855 3200 .

201 3382 341 3508 Caput
373 3385 575 3492 Cereris,
605 3405 679 3470 aut
708 3381 998 3505 Proserpinae,
1026 3383 1101 3471 vei
1136 3380 1370 3473 dimidium
1393 3385 1721 3472 Minotaurum.
1845 3372 1852 3386 ⁶

197 3541 243 3628 in
265 3511 412 3630 aversa
434 3511 729 3631 ΓΕΛΩΝΟΣ.
746 3543 820 3631 vel
842 3575 940 3634 curn
959 3525 1108 3664 Equo
1111 3561 1335 3654 currente,
1365 3543 1441 3632 vel
1460 3573 1557 3630 cum
1579 3537 1720 3665 spicis,
1746 3525 1905 3631 TAV.
2048 3591 2049 3632 ι

196 3723 270 3789 aut
298 3671 401 3790 cunr
415 3703 515 3790 viro
539 3698 681 3798 nudo
699 3705 788 3822 qui
817 3686 1007 3794 cultrum
1024 3717 1168 3816 tenet,
1192 3718 1269 3791 tur
1256 3702 1412 3791 assilit
1441 3705 1560 3790 aries.
1620 3695 1720 3792 Alii
1938 3733 1943 3750 ·

193 3857 385 3981 inscripti
417 3858 454 3946 Γ
457 3859 707 3949 Fauno}
747 3861 1161 3951 ΣΤΡΑΚΟΣΙΟῬ.
1242 3859 1340 3950 sstic
1369 3861 1443 3950 vel
1469 3861 1612 3979 Bigae,
1642 3859 1717 3951 vel
2014 3945 2018 3956 .

194 4016 385 4138 Aquila,
415 4015 490 4104 vel
509 4021 619 4107 Leo.
679 4021 733 4110 In
764 4017 1019 4141 quibusdam
1031 4021 1261 4221 reperitur
1289 4021 1388 4110 BA.
1422 4017 1537 4112 forte
1562 4012 1716 4114 ΒΑΣΙ·
2045 4059 2047 4178 J

192 4171 345 4264 ΛΕΩΣ
366 4173 603 4293 legendum
1011 4233 1033 4246 ·-
1345 4247 1376 4275 .-

170 4441 176 4448 Α
366 4337 536 4426 Hieronis
564 4311 690 4430 nt'irni
704 4342 830 4428 aenei
816 4321 967 4464 i‘spfius
991 4332 1118 4464 cte'put
1135 4337 1506 4453 diadematum,
1494 4334 1716 4431 traversa
2046 4303 2047 4350 A

193 4489 491 4640 decurrentem
510 4525 608 4592 cum
626 4498 776 4594 lancea
797 4502 984 4622 equitem
1003 4502 1241 4611 exhibent,
1271 4499 1523 4623 inscriptio:
1553 4499 1719 4592 ΙΕΡΩ-

930 4659 1038 4753 Rr
1363 4679 1364 4684 ‘
1509 4657 1658 4754 Nox
