4296 5564
518 629 622 782 ’ἰο
873 637 1480 719 APPENDICVLA

1092 844 1210 930 .Ι.Ῑ.

521 971 646 1062 AYT
667 972 717 1054 K
748 967 813 1051 Μ.
839 961 1002 1049 AYPH.
1027 959 1432 1054 ANTQNEINOC.
1485 969 1687 1072 Imperator
1701 903 1822 1074 Ceasar

583 1087 741 1177 Ma'rcr'rs
762 1087 936 1172 Aurelius
956 1085 1168 1166 Antoninus.
1227 1083 1357 1188 Caput
1374 1084 1576 1176 Caracalla
1594 1091 1821 1188 laureatum.

642 1197 1264 1292 OYAIIIACJIAYTAAIAC.
1278 1199 1566 1286 ΟΤΡΥΜΩΝ.
1595 1206 1711 1310 Ulprae
1723 1207 1824 1288 Pau

716 1323 826 1408 talia.
856 1320 1033 1434 Strymon.
1064 1319 1207 1401 fluvius
1236 1319 1421 1404 Thracia.
1450 1320 1588 1428 Figura
1620 1323 1732 1404 fluvii
1756 1324 1823 1406 de·

644 1503 648 1510 .
714 1442 902 1524 cumbena
919 1435 1030 1542 supra
1049 1463 1207 1538 urnam,
1239 1462 1293 1518 ex
1306 1438 1484 1544 quafluit
1501 1463 1624 1545 aqua,
1647 1441 1822 1526 dextram

534 1602 536 1608 ·
712 1559 826 1665 super
843 1559 975 1642 navim
999 1555 1199 1656 extendit,
1228 1546 1372 1640 fiaistra
1397 1557 1624 1644 arundinem
1642 1577 1764 1642 tenet.

523 1731 525 1738 ι
568 1681 589 1751 .’
653 1675 776 1762 Hunc
790 1678 909 1782 magni
923 1673 1046 1756 modali
1075 1667 1291 1782 elegantem
1309 1699 1471 1758 numum
1491 1678 1528 1757 in
1552 1679 1825 1784 Appendicula

517 1815 606 1908 pag.
630 1805 729 1882 206.
748 1793 953 1878 occasrone
971 1795 1125 1876 alterius
1145 1795 1277 1894 numi,
1306 1794 1486 1892 Pautalia
1507 1792 1667 1902 sagnam,
1696 1798 1765 1901 qui
1782 1793 1826 1878 fi-

524 1921 656 2028 guram
678 1917 788 1999 fluvii
808 1911 888 1994 fine
916 1913 1083 1998 nomine
1096 1909 1241 2010 refert,
1272 1911 1468 2009 recensui;
1498 1917 1604 1994 nur'rc
1642 1917 1690 1994 ab
1715 1917 1825 1998 amici

524 2037 680 2118 cimelio
702 2031 752 2115 ad
769 2029 961 2114 nostrum
971 2034 1175 2116 translatus
1192 1969 1256 2111 hi⁹c
1284 2027 1462 2112 refertur.
1520 2029 1583 2112 Ex
1611 2029 1756 2114 eodem
1783 2035 1826 2142 115

524 2171 639 2256 quet.
673 2151 880 2233 Pautaliam
904 2145 1238 2249 adStrymonem,
1254 2150 1513 2254 navigabilem
1535 2148 1729 2247 fluvium,
1744 2174 1825 2231 non

516 2267 576 2352 -ad
590 2267 776 2353 Hebrum
793 2265 902 2350 fitam
921 2261 1059 2370 fuiffe',
1090 2284 1135 2350 ut
1161 2268 1205 2350 in
1226 2284 1439 2350 memorata
1456 2265 1736 2380 Appendicula
1761 2267 1827 2350 ad·

524 2391 675 2472 notavi.

1125 2503 1210 2592 LIL
1364 2500 1369 2510 ’

525 2624 652 2711 AYT.
680 2625 746 2711 M.
765 2623 928 2711 ATPH.
949 2619 1341 2716 ΑΝΤΩΝΕΙΝΟΟ.
1375 2599 1504 2784 Caput
1526 2605 1727 2712 Caracalla
1743 2626 1824 2710 lau·

514 2805 522 2814 ·
550 2753 750 2830 Uresstum

514 2923 524 2930 -
654 2859 923 2948 OYAI'IIAC.
937 2783 1299 2948 HAYTAAIAC.
1322 2867 1436 2972 Ulpia
1453 2865 1643 2950 Pautalia.
1700 2865 1829 2973 Impe-

715 3001 821 3064 rator
850 2983 971 3084 stans,
1003 2984 1041 3064 d.
1076 2983 1292 3088 sceptrum,
1323 2988 1390 3066 vel
1422 2982 1573 3067 fulmen
1603 3007 1771 3092 gerens,
1801 2979 1827 3061 s.

719 3099 881 3204 hastam,
912 3119 1121 3186 coronatur
1146 3102 1194 3183 ab
1218 3100 1426 3204 adstantaa
1447 3119 1558 3208 tergo
1579 3099 1778 3200 Vistoria,
1801 3097 1829 3179 s.

717 3223 854 3322 palmae
869 3241 1017 3304 ramum
1037 3237 1222 3420 gereffiel.I
1286 3222 1435 3321 Numur
1450 3223 1567 3328 aragm'
1578 3217 1711 3300 naduli.

525 3449 651 3536 AYT.
673 3451 722 3536 K.
746 3452 809 3540 Μ.
836 3453 958 3539 AYP.
982 3450 1343 3543 ANTQNINOC.
1376 3453 1507 3564 Caput
1530 3453 1731 3538 Caracallae
1752 3454 1832 3535 lau-

526 3589 776 3773 Ηῖτξὸῑῗῃῗ..
818 3754 829 3777 .
870 3751 882 3776 .
920 3685 1233 3778 .OYAH1AC.
1264 3687 1608 3778 HAYTAAIAC.
1667 3689 1833 3794 ἡγεμόνος

718 3809 876 3912 Praessda
908 3873 918 3894 .
952 3869 1001 3898 ..
1048 3813 1163 3918 Ulpia
1171 3813 1370 3912 Pautalia.
1426 3811 1570 3918 Aquila
1579 3806 1682 3892 stans
1691 3809 1755 3888 alis
1766 3827 1834 3887 ex·

515 3995 561 4066 ·,
607 3933 612 3942 '
720 3929 860 4034 pansas.
894 3931 1028 4038 Maga·
1042 3928 1178 4016 madar.

1230 4097 1772 4240 “ara
