4202 5574
659 505 725 570 nn
784 476 1040 568 Sunsrnrrs
1079 471 1388 567 'Nomonuna
1688 469 1693 478 ’
1728 507 1777 594 ¹³

195 644 209 667 ⁴
258 716 305 774 re
324 681 450 805 plene
469 678 654 800 gaudet,
686 676 795 769 nihil
814 677 972 792 refert,
1001 709 1090 801 quo
1110 677 1262 769 ordine
1284 675 1495 768 elementa
1513 673 1774 794 scribantur,

256 845 340 934 ita:
373 845 460 960 354'
478 841 631 932 reddes
652 871 750 964 per:
783 841 879 931 TN
893 838 1028 930 Avel
1047 871 1145 963 per:
1177 839 1335 930 ΔΝΤ.
1402 837 1407 844 ’
1466 923 1469 928 .

436 1003 490 1091 In
508 1001 723 1090 Romanis
742 1001 954 1114 numeris,
983 999 1157 1124 quando
1177 997 1319 1088 minor
1351 1011 1450 1122 ante
1474 995 1683 1088 maiorem
1700 977 1776 1120 po-

254 1163 397 1273 nitur,
410 1157 663 1282 plerumque
684 1155 1012 1250 subtractionem
1034 1179 1323 1280 notat,atque
1350 1155 1396 1247 id
1428 1152 1559 1246 siebat
1578 1187 1777 1282 compen·
1880 1269 1882 1276 y

256 1317 317 1410 dii
337 1317 664 1433 causa3utile
681 1350 762 1443 pro
781 1321 890 1410 IIII.
911 1321 1055 1446 IIXX
1073 1351 1155 1443 pro
1176 1317 1355 1420 XVIII.
1386 1317 1476 1404 XL
1486 1309 1566 1438 pro
1577 1321 1777 1412 XXXX.

256 1477 334 1568 dac.
397 1479 695 1572 Numerorum
714 1479 1017 1572 Romanorum
1037 1499 1149 1574 notae
1171 1475 1278 1568 olim
1307 1506 1395 1565 non
1420 1473 1542 1568 suere
1562 1477 1696 1572 litere
1721 1477 1780 1571 al·

157 1659 162 1672 ·
219 1607 222 1616 ’
253 1639 455 1760 pbabeti‚
483 1637 557 1730 sed
582 1637 752 1730 lineolae
783 1640 932 1750 resim,
961 1671 1043 1760 pro
1068 1637 1195 1728 libitu
1223 1636 1484 1752 coniunstae,
1510 1658 1560 1729 ut
1581 1637 1780 1732 valorem

254 1819 421 1888 certum
447 1795 742 1918 significarent.
805 1793 998 1888 Tametsi
1016 1828 1126 1889 vero
1146 1795 1409 1888 vocabulum
1432 1799 1582 1888 Centum
1601 1794 1781 1888 hodiea
1914 1833 1919 1841 “

253 1955 380 2050 litera
399 1961 447 2047 C.
476 1959 681 2104 incipiat,
713 1978 841 2077 atque
860 1956 969 2048 Mille
988 1957 1042 2046 ab
1062 1957 1142 2070 M;
1173 1957 1327 2080 reliqui
1350 1979 1496 2046 tamen
1516 1954 1782 2048 charaderea

254 2113 382 2204 aliter
399 2114 440 2204 se
463 2114 646 2229 habent,
677 2117 741 2204 uti
770 2118 825 2204 V.
855 2113 975 2204 valet
1003 2122 1165 2241 Qru‘nque
1177 2180 1193 2228 ,
1224 2118 1281 2206 D.
1312 2119 1521 2240 Quingenti.
1582 2115 1644 2204 Et
1669 2133 1781 2206 vero
1952 2221 1957 2230 Ι

249 2274 392 2396 prima
407 2307 684 2366 numerorum
703 2270 1028 2392 figurandorum
1050 2274 1263 2366 elementa
1279 2276 1370 2366 haec
1390 2274 1575 2398 denique
1590 2271 1680 2364 sola
1694 2277 1779 2364 La·

253 2431 354 2520 tinis
382 2429 502 2521 suere
526 2436 562 2524 I.
584 2437 640 2523 V.
669 2437 722 2524 L.
743 2433 787 2527 t.
819 2467 1006 2557 quorum
1033 2435 1352 2529 combinatione
1378 2434 1533 2556 reliqui
1561 2436 1781 2525 constituti

250 2585 347 2678 sunt
376 2595 554 2682 numeri
615 2593 791 2715 Nempe
821 2575 909 2684 duo
938 2600 984 2684 V
1010 2598 1083 2688 seu
1112 2611 1149 2713 ς’.
1180 2593 1419 2718 composita
1454 2595 1500 2686 in
1533 2589 1776 2714 cuspidem,
1915 2709 1917 2721 γ

253 2746 400 2838 valent
430 2753 488 2839 X.
525 2781 589 2838 10.
650 2750 763 2838 Item
794 2749 883 2840 duo
900 2755 942 2840 L
961 2757 1158 2877 opposita
1182 2757 1218 2844 [
1245 2753 1504 2860 efformem,
1535 2782 1689 2873 nempe
1722 2785 1779 2844 ex

251 2905 362 2996 binis
395 2932 449 3022 50
478 2905 538 2996 fit·
558 2939 663 3020 100,
694 2910 754 2997 ita
778 2906 813 3004 lt
843 2935 928 3026 500
953 2912 1018 3002 bis
1047 2911 1256 3034 positum,
1286 2907 1538 3030 sacitmille
1570 2907 1625 3014 k,
1654 2907 1780 2999 Nota

251 3065 539 3156 centesimi&
567 3065 921 3188 quingentesimi,
951 3067 1273 3162 commoditatis
1305 3067 1453 3182 causa,
1494 3072 1540 3157 in
1568 3071 1786 3162 rotundos

250 3222 401 3314 dubius
420 3219 591 3316 desiere.

429 3381 540 3472 Alia
559 3383 753 3481 ratioest
771 3387 1120 3482 Graecanicorum
1142 3419 1446 3501 numerorum,
1477 3420 1663 3513 quorum
1682 3389 1779 3484 cha·

253 3542 435 3631 raderes
464 3542 512 3632 in
533 3546 841 3660 marmoribus,
861 3547 1061 3671 librisque
1091 3547 1349 3665 occurrunt3
1376 3550 1453 3639 ubi
1475 3547 1681 3642 videlicet
1708 3553 1777 3644 bi·
1847 3606 1851 3615 =
1958 3598 1960 3602 ⁴

252 3721 339 3794 tera
357 3695 581 3792 sumuntur
604 3714 739 3826 prima
766 3707 856 3797 eius
883 3709 1114 3824 vocabuli,
1144 3710 1264 3834 quod
1290 3743 1515 3800 numerum
1543 3703 1776 3830 significat,

254 3890 398 3981 eaeque
415 3857 511 3952 sunt
537 3860 786 3985 sequentes,
818 3878 1000 3990 (praeter
1019 3872 1054 3960 I.
1076 3872 1136 3961 II.
1157 3871 1243 3960 III.
1261 3839 1434 3964 1111.=-.
1449 3901 1483 3958 1.
1497 3897 1533 3960 a.
1548 3895 1652 3984 34,
1683 3900 1777 3991 quae

251 4015 536 4142 usurpantur,
566 4023 831 4145 quommodo
856 4027 975 4149 apud
992 4028 1250 4146 Romanos)
1271 4062 1423 4154 nempe
1440 4032 1496 4120 Π.
1517 4026 1635 4117 valet
1646 4017 1778 4116 Πέντε
1876 4003 1879 4010 ’

256 4179 446 4296 Quinque:
477 4200 571 4270 tum
588 4180 643 4272 Δ.
663 4163 776 4274 Δέκα
795 4189 941 4280 Decem.
972 4190 1113 4282 Porro
1131 4192 1179 4282 H
1198 4214 1397 4282 veterum
1414 4219 1650 4309 graecorum
1670 4184 1777 4310 aspi-

254 4337 368 4426 ratio
391 4337 436 4426 in
454 4359 565 4428 voce
586 4331 765 4430 Himera
786 4349 949 4442 Centum.
1010 4353 1120 4444 Mille
1139 4383 1247 4445 vero
1263 4351 1382 4444 valet
1400 4352 1458 4439 X.
1479 4349 1594 4448 Xima
1615 4378 1628 4437 ι
1659 4347 1782 4440 deni·

257 4492 325 4586 M.
345 4487 475 4616 Μύριοι
484 4562 504 4624 ,
530 4493 606 4594 seu
622 4499 798 4623 Myrias
817 4506 993 4600 coniicit
1009 4514 1145 4608 Decem
1162 4521 1288 4610 nullia
1496 4607 1505 4614 ,
1774 4577 1778 4586 ·

978 4667 1076 4789 Bp
1389 4693 1393 4698 ·
1536 4659 1726 4752 Numeri
