4224 5572
398 427 403 436 ·
552 349 1526 464 Rucas'carraoocra
1683 391 1792 496 ,mq

113 685 121 696 ,
270 587 382 673 Cum
401 575 825 687 aanorrgniIE=15.
863 567 961 658 Alii
978 565 1076 658 i'unt
1095 565 1182 660 fine
1212 591 1315 660 nota
1344 570 1454 662 anni
1494 551 1749 664 Noscuntur
1770 605 1796 664 c

268 738 481 862 sequentis
499 731 811 824 Ariobarzanis
832 729 1027 820 monetia

451 893 724 985 Ariobarzanes
743 891 812 1000 Η,
840 883 1021 978 fratrem
1037 884 1318 978 Ariarathem
1339 887 1510 978 amabat
1529 953 1545 1001 ,
1576 892 1619 980 δι
1652 921 1678 978 a
1697 895 1790 982 Cice·

268 1085 354 1146 roae
371 1053 532 1140 Cilicia
550 1045 724 1173 praesrde
744 1043 892 1166 sapius
908 1068 1197 1161 memoratur,
1225 1068 1496 1187 vocaturque
1514 1046 1789 1138 Ariobarzanes
1972 1165 1976 1175 Ι

267 1209 426 1333 Erefiebes
447 1210 711 1302 Piiloromaus.
754 1204 915 1322 Epistola
934 1208 985 1296 11.
1015 1211 1100 1296 iibri
1119 1207 1205 1296 XV.
1232 1212 1282 1296 ad
1286 1203 1413 1323 fhruii.
1440 1203 1515 1294 ubi
1547 1205 1629 1292 bc
1617 1205 1788 1294 ιιιιιιιὶι·

270 1367 659 1505 Ariobarzanemi
684 1383 852 1488 patrem
868 1393 894 1450 a
910 1359 995 1456 suis
1015 1359 1223 1454 seditiosas
1246 1363 1432 1456 occisum
1443 1361 1599 1479 fuiffe3
1628 1367 1788 1492 Annua

270 1490 406 1637 latet,
437 1556 524 1647 quo
543 1524 590 1612 id
611 1520 828 1612 acciderit.

414 1681 729 1772 Ariobarzani
745 1679 805 1768 Π.
823 1675 1016 1774 adscribo
1031 1713 1185 1775 numos
1201 1713 1349 1774 macro
1362 1681 1507 1794 vultu,
1517 1678 1620 1772 naso
1638 1679 1786 1773 mode·
1837 1677 1873 1746 51

267 1843 328 1934 ste
347 1737 562 1996 aquilino·
593 1871 777 1962 quorum
799 1807 933 1961 aliqui
952 1862 1120 1933 tanturn
1137 1841 1313 1932 titulum
1344 1841 1788 1934 ΦΙΛΟΡΩΜΑΙΟΤ

259 2022 506 2128 compatre
525 2029 823 2110 communem,
853 1997 1063 2093 exhibent
1086 2031 1103 2114 3
1132 2020 1177 2090 at
1197 1999 1271 2090 aiii
1300 2000 1429 2088 etiam
1459 1995 1789 2090 ΕΤΣΕΒΟῬΣ

235 2239 237 2248 1
269 2161 460 2272 addunt,
490 2155 660 2280 qualem
680 2157 785 2246 citat
815 2160 976 2317 {uiniae
999 2139 1224 2278 Urfinurad
1247 2163 1423 2250 Ciceronis
1451 2163 1513 2250 lib.
1524 2159 1613 2248 XV.
1634 2155 1786 2276 Epistol.

180 2415 183 2422 ,
267 2315 401 2413 Fama
419 2317 538 2437 quii.
588 2315 664 2406 Est
683 2317 813 2406 etiam
830 2317 876 2406 in
890 2315 1270 2439 TiefiauroAuflrieuo
1288 2307 1443 2409 num'ru
1460 2318 1523 2405 ita
1540 2309 1785 2436 inscriptus,

225 2563 229 2573 ,
268 2483 438 2572 &ame
459 2470 686 2594 inspeiiua:
705 2474 1023 2564 ΒΑΣΙΛΕΩΣ.
1053 2472 1572 2568 ΑΡΙΟΒΑΡΖΑΝΟῬ.
1603 2473 1785 2562 Eunu„

265 2633 431 2730 ΒΟῬΣ.
464 2629 619 2720 ΦΙΛΟ.
651 2698 661 2719 .
693 2697 705 2717 .
735 2698 745 2718 .
777 2631 1040 2750 φιλιρωμάιιυ.
1069 2630 1231 2720 ultimae
1249 2631 1384 2722 literae
1399 2615 1488 2720 nou
1505 2631 1614 2719 bene
1632 2628 1785 2719 discer-

265 2816 453 2899 nuntur,
482 2785 554 2878 sed
572 2785 673 2878 satia
693 2817 718 2875 e
738 2790 902 2880 Cicerone
921 2785 1173 2910 explentur:
1203 2761 1353 2882 nulius
1373 2819 1535 2896 macer,
1536 2783 1645 2878 uaso
1665 2773 1785 2905 aqui·

265 2953 374 3059 liro,
393 2947 527 3042 aetatis
546 2945 644 3038 satis
664 2949 888 3070 provebiae„

441 3107 569 3198 Bello
588 3107 730 3196 civili
706 3109 945 3230 ,Pompejo
961 3105 1110 3230 priua,
1135 3133 1243 3198 mox
1262 3102 1417 3198 Caiari
1444 3103 1619 3200 adnant
1646 3033 1784 3197 Ario·
1821 3118 1864 3191 ιι

262 3257 468 3362 barzanea
483 3267 573 3358 11:

431 3394 576 3540 Juliua
606 3425 744 3516 Caesar
774 3429 891 3518 vibio
920 3427 1177 3534 Pharnace,
1207 3423 1429 3547 poiieiiam
1447 3425 1505 3518 ab
1524 3423 1610 3516 hoc
1628 3423 1781 3516 Arme·
1827 3446 1871 3522 47
2019 3503 2022 3508 -

263 3585 379 3676 niam
404 3585 618 3706 Dejotaro
636 3583 793 3696 Gallo,
826 3591 868 3675 δι
886 3585 1177 3676 Ariobarzani
1204 3583 1426 3676 distribuit.

439 3747 488 3835 C.
509 3741 668 3834 Caffius
697 3744 750 3832 ab
768 3741 1097 3850 Ariobarzane,
1118 3773 1197 3831 ceu
1212 3740 1343 3834 hostia
1362 3741 1594 3865 Reipubi,
1609 3773 1698 3832 non
1714 3757 1862 3834 re·⁴2

264 3923 440 4027 ceptus,
460 3931 605 4021 regem
623 3900 809 3990 eundem
825 3919 1003 4022 repente
1025 3901 1218 4024 equitatu
1239 3901 1444 4000 obrutum
1465 3901 1679 4028 oppreiirt.

337 4075 344 4091 '
439 4061 654 4150 Ariarathes
671 4061 724 4151 X.
755 4057 1069 4150 Ariobarzanis
1087 4061 1148 4153 11.
1168 4057 1299 4175 filius,
1319 4085 1369 4156 ut
1386 4063 1570 4186 opinor,
1586 4089 1675 4149 non
1691 4054 1776 4148 fra·
1823 4075 1862 4144 ⁴¹
1964 4075 1967 4078 ’

260 4239 346 4331 ter,
359 4247 536 4338 regnum
553 4219 753 4342 pauperis
775 4220 912 4341 patris
927 4218 1077 4312 adivit.
1138 4219 1248 4312 Non
1265 4223 1437 4342 ignoro,
1449 4217 1624 4308 fratrem
1639 4213 1780 4328 suffic,

263 4376 336 4471 uel
354 4349 516 4474 Cicerone
535 4377 656 4493 teste,
685 4379 979 4475 Ariobarzani
996 4379 1056 4476 11.
1088 4381 1327 4474 Ariarathem
1339 4414 1356 4498 3
1385 4375 1636 4501 sedsratrem
1652 4375 1809 4474 ilium,
1921 4352 1923 4360 ¹

957 4541 1113 4630 rAaa
1367 4561 1376 4573 ·
1461 4599 1465 4604 -
1629 4535 1724 4634 nui·
1763 4569 1785 4656 ιι
