4202 5574
334 479 762 572 Fonunna
824 501 918 565 nr
979 469 1572 564 Socnnnnnrea.
1698 501 1752 597 37

216 708 455 794 gamenornrn
464 739 480 788 ‚
492 671 551 777 sd
568 678 840 766 Sardianorum
858 673 1103 764 concordia
1121 657 1592 764 ΠΕΡΓΑΜΗΝΩΝ.
1613 675 1753 766 ΕΦΕ-

36 865 41 876 “
218 835 382 927 ΣΙΩΝ.
416 835 742 926 ΟΜΟΝΟΙΑ.
774 837 1107 970 longemanum,
1137 836 1181 922 δι
1199 835 1438 956 Ephrssorurn
1454 839 1649 926 concordio.
1675 836 1749 926 'In

215 995 422 1088 similibus
449 992 711 1086 numismatis
741 993 969 1116 AEferdapir',
1004 993 1174 1103 Pergami
1211 993 1504 1119 sospitatoris,
1537 997 1580 1086 δι
1616 997 1749 1089 Diana

214 1157 375 1280 Epsesta
393 1151 618 1246 sernulacra
641 1151 959 1278 conspiciuntur
981 1151 1235 1247 consociata.

231 1379 239 1392 ·
392 1315 446 1405 In
465 1315 763 1436 Augnulorum
783 1311 1038 1436 quibusdam
1065 1317 1233 1431 normis,
1262 1314 1339 1405 ubi
1366 1313 1535 1404 nullum
1553 1313 1743 1406 vocabu·

210 1474 304 1564 lum
322 1475 441 1564 urbis
453 1539 469 1588 ,
500 1495 575 1564 aut
595 1476 721 1564 unius
739 1471 878 1564 solum
904 1474 1188 1591 urbinatem
1219 1478 1459 1595 stantesque
1469 1537 1485 1585 ‚
1517 1507 1568 1564 ac
1587 1504 1740 1566 manus

207 1632 432 1750 iungentes
453 1631 580 1724 efflet
598 1629 695 1723 sunt
715 1599 937 1753 Augustus
966 1639 1009 1722 br
1035 1637 1261 1754 Augusta,
1292 1635 1353 1725 ibi
1370 1653 1465 1722 tum
1497 1630 1543 1722 τὸ
1575 1634 1737 1723 ΟΜΟ-

208 1789 390 1878 ΝΟΙΑ.
422 1795 660 1884 Concordiam
680 1795 948 1914 conjugalem
966 1791 1199 1916 fignificat,
1229 1795 1318 1884 five
1329 1858 1346 1907 ‚
1376 1814 1428 1885 ut
1455 1794 1501 1881 in
1520 1792 1737 1884 Romania

206 1947 348 2038 numis
374 1945 596 2043 scribitur:
628 1953 1026 2046 CONCORDIA.
1059 1951 1528 2047 AVGVSTORVM.

380 2117 492 2202 Duae
505 2112 649 2202 Urbes
663 2116 961 2208 ΑΔΕΛΦΑΙ.
980 2119 1134 2209 Sorores
1153 2115 1425 2241 appellantur
1443 2112 1489 2200 in
1510 2111 1733 2204 numisma-

202 2292 247 2362 te
266 2272 499 2362 Caracallae
516 2271 632 2392 apud
649 2273 804 2386 Arigonr'
814 2310 824 2365 :
842 2309 994 2401 nempe
1014 2273 1527 2367 ΠΛΩΤΕῙΝΟΠΟΛΙΣ
1539 2339 1555 2386 ,
1566 2279 1608 2366 &
1626 2274 1732 2363 ΔΟ·
1860 2393 1865 2400 ι

203 2431 610 2522 ΜΗΝΟΠΟΛΙΣ.
631 2435 933 2530 ΑΔΕΛΦΑΙ.
960 2440 1013 2529 In
1034 2441 1174 2530 numia
1194 2436 1366 2527 urbium
1383 2456 1569 2558 quatuor
1580 2435 1732 2526 Pieriae

201 2591 339 2706 Syriae
366 2591 544 2710 legitur:
574 2593 890 2686 ΑΔΕΛΦΩΝ.
923 2596 1174 2687 ΔΗΜΩΝ.
1198 2601 1381 2691 Fratrum
1399 2603 1639 2714 populorum.

376 2751 578 2872 Denique
596 2754 813 2845 interdum
831 2755 1095 2846 vocabulum
1113 2753 1424 2843 ΑΝΕΘΕΚΕ
1432 2816 1451 2863 ,
1473 2752 1547 2840 vel
1567 2749 1729 2838 ANE·

200 2907 444 3021 ΘΕΚΕΝ,
475 2912 555 3052 vel.
569 2913 940 3005 ΑΝΕΘΗΚΕΝ.
973 2916 1252 3036 Magistratus
1272 2909 1437 3002 nomini
1455 2904 1725 3018 adscribitur,

201 3065 323 3189 quod
346 3064 579 3186 significat:
601 3075 743 3163 obruor
753 3135 769 3184 ‚
789 3073 864 3164 vel
895 3073 1201 3189 dedicauit‚s1ve
1222 3067 1429 3163 numisma
1445 3065 1612 3190 ipsum,
1634 3065 1726 3156 five

199 3229 378 3318 statuam
397 3229 441 3317 in
462 3259 543 3317 aere
562 3225 796 3349 signatam,
828 3227 918 3320 seve
938 3231 1057 3324 aliud
1079 3233 1184 3360 quid
1207 3230 1431 3321 dedicarit
1486 3227 1579 3316 Ita:
1618 3225 1727 3313 ΠΟ-

195 3387 438 3478 ΛΕΜΩΝ.
489 3375 811 3479 ΑΝΕΘΕΚΕ.
866 3385 1283 3482 ΣΜῬΡΝΑΙΟΙΣ.
1337 3387 1481 3484 Polemo
1544 3389 1727 3476 dedicavit

194 3529 480 3669 anomaeus.
527 3539 1723 3643 AAEZANAP02.A21APXH2.ANeoeKeN.
1857 3529 1871 3547 “

196 3703 567 3799 ΟΤΡΟΗΝΩΝ.
599 3714 818 3802 Alexander
842 3711 1018 3832 Astaroha
1056 3715 1248 3801 dedicauit.
1281 3712 1555 3799 Otro'enornnn
1595 3699 1725 3792 Alibi

194 3855 305 3952 coca
335 3891 464 3989 capue
483 3869 692 3958 Antinoo:
726 3864 1036 3962 onenanon.
1069 3825 1465 3958 Mnenenaon.
1496 3855 1718 3952 reuera.

109 4099 116 4116 .
190 4021 333 4112 Tor.
365 4026 731 4122 ANTINOOT.
794 4029 855 4116 Et
879 4029 924 4116 in
944 4024 1092 4118 aversa
1110 4048 1258 4151 parte,
1288 4026 1363 4117 ubi
1382 4023 1566 4116 Phoebus
1586 4022 1632 4108 in
1654 4017 1717 4130 bi·

189 4181 274 4298 gia:
306 4183 602 4276 ANeoeKe.
634 4187 1004 4278 ΚΟΡΙΝΘΙΩΝ.
1045 4187 1165 4278 Tota
1184 4183 1403 4305 inscriptio
1419 4184 1481 4270 ita
1500 4177 1716 4270 redditur:

188 4341 360 4472 Hostilius
391 4347 597 4438 Marcellos
626 4349 806 4439 Sacerdos
841 4348 989 4440 Antinoi
1024 4355 1160 4439 obtulit.
1220 4349 1486 4432 Corinthiorum
1513 4337 1715 4434 subaudi:

188 4500 480 4618 Mandaoo;vel
503 4537 553 4592 ea
573 4505 737 4596 oblatio
759 4502 948 4631 suscepta
968 4507 1026 4596 est
1049 4502 1377 4595 Corinthiorum
1398 4499 1716 4614 mandat0,vel

188 4657 393 4752 numisma
412 4661 639 4787 procusum
657 4661 750 4756 suit
1047 4663 1090 4779 E
1123 4696 1147 4783 3
1526 4661 1654 4752 Non-
