4296 5564
524 875 663 958 Caii&
686 872 797 956 Luni
815 868 934 954 refert
951 891 1092 956 annum
1114 891 1206 974 31„
1237 871 1337 954 adde
1357 872 1583 976 709.,·v'el
1612 888 1709 978 708.
1742 879 1813 960 ha·
1958 911 1977 962 r

375 991 382 1004 '
523 997 756 1106 berennum
778 989 831 1072 V.
858 988 904 1070 C.
932 1015 1053 1092 740„
1093 991 1169 1070 vel·
1191 1013 1313 1093 739,
1334 991 1402 1072 'ob
1425 989 1637 1096 adoptione
1665 993 1748 1076 Caii
1772 997 1814 1082 ἃ

388 1185 398 1204 .
523 1111 636 1196 Lucii
654 1107 829 1209 cesarum
846 1110 1001 1190 tertium
1023 1109 1089 1188 vel
1107 1107 1279 1190 alterum
1295 1117 1472 1192 annumi-
1498 1111 1658 1196 Deinde
1679 1108 1816 1211 Neto-

524 1233 583 1316 nis
603 1229 684 1310 duo
701 1227 808 1310 numi
832 1250 921 1307 cum
942 1223 1108 1308 Otiavia
1140 1225 1286 1308 debunt
1310 1225 1392 1332 ejus
1420 1229 1570 1333 imperii
1602 1252 1744 1314 annum
1774 1253 1827 1334 5..

527 1349 567 1432 δι
588 1369 747 1451 7.,quo
768 1343 983 1450 posteriore
1001 1342 1179 1426 nondum
1187 1343 1420 1451 repudiavit
1433 1345 1653 1429 Ottavinm.
1715 1344 1816 1431 Fau.
1926 1411 1930 1418 .

505 1538 507 1544 ,
527 1465 632 1554 stinae
651 1486 771 1547 annus
794 1487 892 1565 207.
907 1461 1051 1544 incidet
1065 1464 1105 1548 in
1120 1487 1263 1550 annum
1281 1460 1456 1568 quartuor
1473 1461 1537 1547 M.
1570 1465 1720 1547 Aurelii
1736 1467 1813 1572 jam

292 1595 295 1602 '
454 1681 455 1686 .
527 1582 703 1692 Augusti.
762 1577 963 1664 Camcallae
979 1603 1101 1670 annue
1126 1595 1248 1666 numo
1269 1580 1476 1689 insculptus
1505 1608 1529 1666 2
1536 1601 1610 1686 52.
1633 1579 1728 1666 sistit
1749 1606 1814 1670 en·

451 1697 476 1728 '⁴
522 1725 624 1787 num
634 1701 1078 1805 Caracallaessumpetre
1092 1699 1281 1806 Septimio
1297 1699 1449 1792 Severo
1471 1701 1716 1807 imperantis,
1745 1702 1813 1788 de·

530 1824 696 1922 cimuin,
725 1821 793 1901 vel
808 1819 1056 1902 undecimum
1070 1819 1127 1901 V.
1142 1818 1188 1902 C.
1212 1821 1312 1922 961.
1368 1817 1554 1926 Denique
1565 1818 1727 1904 Lnuui
1744 1847 1818 1904 ce·

529 1938 617 2022 saris
636 1935 777 2020 nunnus
792 1938 885 2024 nihil
900 1934 1175 2028 historicorum.
1188 1955 1368 2019 veterum
1389 1935 1481 2020 fidei
1505 1937 1654 2042 officit,
1683 1939 1743 2020 uti
1771 1941 1815 2023 P.
1971 2013 1974 2016 .

528 2053 753 2138 Harduinus
770 2053 1033 2161 suspicabatur.
1067 2147 1071 2153 ,
1089 2054 1285 2160 Siquidem
1300 2054 1481 2140 addendo
1502 2055 1548 2139 ad
1575 2079 1685 2138 eram
1705 2055 1817 2142 Sino·

375 2181 381 2190 ’
445 2163 450 2174 ’
527 2172 708 2280 pensrum
730 2197 828 2277 709.
846 2173 1032 2280 lignatum
1047 2197 1249 2256 numerum
1271 2177 1545 2270 ,182.habetnr
1562 2197 1681 2256 annus
1700 2173 1755 2258 V.
1767 2175 1815 2260 C.

447 2363 453 2374 .
536 2303 658 2394 891„
688 2294 795 2399 qu'us
808 2311 995 2382 autumno
1010 2291 1159 2375 effluxit
1183 2285 1304 2372 annus
1329 2305 1426 2386 182.
1440 2290 1733 2398 Sinopensium,
1763 2303 1818 2384 at.

533 2433 612 2514 que
627 2408 729 2497 odeo
739 2411 849 2496 idem
864 2411 1155 2510 annotinitium
1179 2407 1337 2513 sumpsit
1352 2415 1392 2495 in
1405 2428 1592 2494 autumno
1602 2414 1690 2494 anni
1703 2411 1755 2493 V.
1768 2410 1816 2496 C.

535 2537 635 2630 890.
650 2527 697 2610 L.
709 2529 852 2612 Asilius
867 2552 968 2611 vero
985 2551 1087 2610 anno
1104 2528 1159 2610 V.
1170 2528 1218 2610 C.
1232 2540 1330 2630 891„
1357 2529 1439 2638 ipso
1457 2527 1636 2636 Jnnutrio
1657 2531 1818 2614 ineunte

531 2645 620 2729 fatis
636 2649 846 2746 concellit3
876 2669 1184 2750 mutunonrlo,
1216 2651 1503 2753 quentsemper
1526 2647 1635 2742 isthic
1667 2647 1847 2732 secutus·

531 2763 636 2866 sum,
667 2767 707 2849 id
731 2769 886 2875 egregie
901 2768 1204 2869 comprobante.
1229 2765 1346 2872 Igitur
1363 2765 1532 2852 unuln
1548 2789 1670 2850 numo
1687 2772 1817 2874 plane,

531 2883 647 2970 uti&
679 2886 833 2990 reliquis
853 2886 1030 2991 congruit
1050 2881 1321 2989 Sinopensium
1348 2911 1419 2971 aera
1447 2907 1552 2966 enno
1570 2883 1625 2968 V.
1652 2885 1698 2967 C.
1719 2911 1818 2990 709.

531 2998 739 3205 minante
753 3029 770 3104 ,·
784 3023 786 3028 ’
800 3027 887 3113 que
914 3020 1044 3106 erant,
1071 3001 1204 3109 quoad
1221 3003 1281 3086 his
1295 3004 1346 3178 in
1366 3007 1482 3090 rebus
1507 3004 1622 3107 licet,
1652 3003 1815 3091 demon·

674 3367 677 3372 ·
719 3349 785 3439 Ex
800 3353 859 3437 his
876 3354 1084 3462 colligitur:
1106 3375 1171 3448 aut
1184 3353 1326 3464 Julium
1348 3351 1530 3452 Celerem
1541 3381 1630 3444 non
1657 3381 1709 3446 eo
1733 3349 1818 3464 ipso

532 3497 635 3560 enno
651 3471 773 3575 V.,c
796 3495 923 3577 707.,
954 3497 1035 3578 quo
1050 3480 1087 3558 in
1106 3478 1276 3562 Pontum
1293 3497 1476 3580 venerat,
1502 3481 1692 3562 coloniam
1709 3477 1821 3601 Sino-

531 3617 612 3700 pen
631 3589 851 3691 deduxisse,
881 3590 947 3674 sed
963 3592 1000 3673 id
1017 3615 1098 3677 uno
1118 3599 1293 3678 alterove
1313 3617 1415 3679 anno
1435 3595 1550 3679 serius
1564 3593 1736 3692 fesium
1754 3611 1820 3678 eut

477 3757 483 3788 .
531 3709 764 3814 Sinopenses
780 3710 937 3817 quidem
954 3735 1061 3809 certe
1073 3741 1161 3798 aerae
1172 3713 1273 3796 suae
1261 3715 1579 3799 mitiumbiennio
1598 3715 1713 3797 serius
1728 3739 1821 3796 con·

532 3826 713 3929 stituiffe,
744 3825 925 3943 iiresie,
942 3832 1003 3911 uti
1021 3832 1191 3935 videtur,
1220 3827 1345 3914 renus
1365 3829 1421 3914 est
1433 3831 1716 3938 l'lreupolitani
1739 3855 1822 3914 mu-

528 3945 585 4028 sei
601 3969 763 4046 numus,
780 3946 1299 4056 Diadumenionihonoribus
1318 3940 1498 4057 lignatus.
1559 3953 1662 4061 Quae
1677 3973 1740 4033 res
1754 3973 1823 4032 ex-

528 4063 665 4170 emplo
689 4087 776 4150 oon
802 4084 918 4150 caret.
984 4069 1103 4154 Anno
1127 4067 1181 4153 V.
1211 4067 1380 4174 C..691
1406 4067 1619 4178 Pompeius
1642 4070 1817 4271 pluribus
