4224 5572
303 349 522 473 κι74’
623 361 625 366 ’
734 336 1429 460 Cnuuu'Nouum

372 553 511 669 Syria
532 549 593 640 R,
613 547 687 640 uel
713 546 864 664 Persrae
895 543 1095 670 profesio
1106 609 1122 658 ,
1153 547 1228 670 qui
1254 545 1500 640 alterutrius
1525 516 1708 644 fratrum
1735 559 1898 680 pudici.

372 713 479 803 tiam
499 731 688 800 tentarat
708 773 725 821 ,
755 708 960 815 Parthos,
977 706 1052 798 vel
1072 709 1242 799 vicinos
1261 707 1447 832 populos
1468 712 1715 829 concitant,
1736 713 1814 807 fibi
1832 752 1895 810 re·

313 851 319 858 ⁸
375 903 508 992 gnum
531 869 720 962 formare
747 871 971 992 incipiunt
996 945 998 952 ⁴
1040 868 1139 959 Alii
1162 869 1257 992 post
1277 901 1412 962 annos
1440 869 1516 962 sex
1535 873 1582 962 id
1598 874 1781 965 evenisse
1802 908 1897 968 cen.

233 1157 238 1164 .
374 1033 467 1124 sent
479 1095 495 1144 ,
526 1031 599 1120 alii
617 1029 750 1122 serius
780 1029 909 1120 etiam
930 1060 1043 1121 anno
1067 1044 1163 1141 248.
1233 1027 1334 1118 Nec
1352 1030 1528 1146 desunt,
1559 1036 1634 1154 qui
1654 1031 1731 1125 sub
1751 1035 1896 1127 Seleu·

65 3222 70 3234 ¹
183 3111 329 3204 Tubulo

209 3230 321 3324 XIV.

378 1223 432 1285 co
445 1191 503 1282 ΙΙ.
533 1189 607 1280 vel
627 1223 741 1282 anno
767 1206 861 1308 238.
875 1191 948 1280 uel
968 1217 1064 1307 229.
1076 1185 1234 1283 AEr'am
1253 1191 1498 1284 Parthicam
1515 1193 1720 1286 inchoare
1740 1197 1894 1310 velint,

374 1351 543 1459 minus,
561 1371 611 1440 ut
629 1353 803 1475 opinor,
818 1350 1223 1473 probabiliter,nifi
1241 1351 1368 1476 plura
1394 1355 1516 1446 initia
1541 1358 1708 1448 statuas.
1769 1363 1895 1448 Atta·
2075 1439 2076 1456 .

375 1545 476 1608 men
494 1514 664 1602 initium
683 1542 766 1604 aerae
790 1511 976 1624 Parthico,
988 1509 1310 1620 numismatibus
1331 1510 1512 1625 inserta,
1526 1514 1700 1606 videtur
1716 1520 1894 1609 omnino

375 1671 430 1764 ab
452 1705 567 1764 anno
589 1677 686 1790 256.
706 1673 876 1762 circiter
893 1649 1192 1766 deducendum
1216 1705 1315 1764 cum
1333 1675 1696 1784 Varnenurro,
1725 1677 1799 1796 qui
1817 1677 1894 1768 Ar·

361 1831 582 1957 fluidumm
601 1834 805 1951 imperium
824 1829 913 1922 save
928 1831 1073 1942 Regum
1094 1831 1315 1925 Parthorum
1333 1832 1514 1952 historiam
1533 1831 1801 1956 conscripsit,
1821 1836 1895 1926 sed
1966 1897 1970 1905 ‚

378 1993 501 2114 operi
518 1991 776 2084 immortuus
795 1990 921 2082 alteri
945 1988 1227 2099 edendum&
1247 1993 1561 2084 emendandum
1581 2025 1690 2114 opus
1709 1995 1892 2116 reliquit.
1934 2019 1938 2026 ’
1966 2061 1970 2068 ·

550 2151 698 2272 Arjicis
719 2149 965 2244 venerabile
984 2181 1141 2240 nomen
1161 2152 1338 2271 posteris
1359 2149 1468 2262 fuit,
1498 2181 1731 2274 omnesque
1748 2185 1799 2244 eo
1817 2185 1892 2244 no·

339 2350 344 2361 ’
372 2312 489 2405 mine
509 2311 760 2434 compellari
779 2309 972 2402 voluere.
1034 2307 1310 2402 Numismata
1324 2344 1479 2434 ,eorum
1497 2309 1596 2402 sane
1615 2312 1761 2430 omnia
1778 2311 1892 2433 Austu-

370 2479 422 2564 cis
441 2471 632 2582 nomine,
653 2467 785 2562 'titulo
803 2469 915 2580 Regis
921 2533 936 2580 ,
947 2466 1020 2558 vel
1038 2469 1151 2580 Regis
1169 2471 1316 2582 Regum
1322 2536 1340 2586 ,
1353 2471 1571 2593 variisque
1590 2471 1684 2560 aliis
1703 2479 1817 2562 titulis
1833 2467 1893 2562 ia·

368 2661 425 2719 ne
445 2627 680 2762 magnificis
700 2628 902 2752 inscripta
925 2624 1046 2734 sunt,
1078 2623 1160 2716 er
1158 2625 1402 2751 ologufls,seu
1421 2625 1596 2718 Arsacis
1610 2633 1650 2718 V
1647 2631 1813 2748 ulugafis,
1830 2627 1889 2719 se·

370 2790 518 2900 cundi,
530 2821 582 2879 ac
598 2792 717 2882 tertii
741 2794 830 2908 ejus
861 2788 1156 2906 cognominis,
1188 2789 1387 2884 monetas
1414 2787 1635 2910 excipias,
1660 2782 1893 2880 &sortasse

240 2973 243 2980 '
368 2949 575 3072 Muuutsts,
604 2947 638 3040 st
655 2954 693 3040 is
716 2969 881 3046 numus,
904 2945 963 3034 est
981 2944 1118 3066 Regis
1137 2951 1342 3042 Parthici.

552 3110 598 3200 T
599 3141 666 3202 res
684 3106 781 3199 sunt
799 3108 1100 3201 Parthicorum
1118 3110 1421 3202 numismatum
1437 3105 1619 3229 species:
1650 3105 1787 3196 Prima
1801 3105 1893 3228 plu·
1983 3243 1987 3250 Ι

375 3273 484 3364 rima
514 3267 646 3382 sunt,
678 3299 814 3390 eaque
833 3292 1061 3389 argentea,
1090 3269 1303 3362 drachma
1320 3264 1555 3404 =ponderca
1585 3261 1736 3356 eadem
1765 3283 1895 3388 caput

273 3477 275 3484 ¹
370 3431 484 3549 regis
502 3427 577 3517 vel
595 3426 838 3522 diademate
857 3429 1112 3556 multiplice,
1133 3428 1208 3516 vel
1229 3424 1446 3548 simplice,
1467 3418 1540 3513 sed
1554 3424 1704 3546 paullo
1725 3423 1894 3536 latiore,

370 3588 445 3678 vel
461 3587 589 3678 mitra
607 3609 846 3710 gemmata,
877 3589 952 3683 vel
974 3589 1100 3680 aliter
1121 3607 1300 3696 ornata,
1326 3606 1400 3674 aut
1419 3582 1550 3708 peplo
1569 3580 1807 3694 obvoluta,
1832 3605 1893 3672 te·

370 3747 512 3855 ilum,
531 3751 573 3840 a
592 3749 843 3870 plerumque
867 3746 1093 3840 barbatum
1113 3745 1307 3840 referunt
1326 3779 1338 3838 a
1367 3747 1414 3836 in
1441 3737 1590 3834 aversa
1608 3741 1774 3864 semper
1793 3742 1892 3830 Par·

370 3909 496 3998 thum
514 3905 763 4018 sedentem,
794 3913 1006 3998 &arcum
1027 3905 1186 4042 tiextra
1208 3909 1525 3999 ostentantem:
1564 3900 1715 3991 adsunt
1745 3929 1892 3990 mono·

369 4068 706 4190 grammatn,vel
726 4062 876 4180 literae,
888 4087 1043 4188 praeter
1056 4063 1383 4184 inscriptionem
1392 4127 1409 4174 ,
1425 4061 1575 4176 varie,
1584 4060 1689 4154 item
1709 4090 1783 4154 ata
1798 4089 1892 4182 par·

354 4251 443 4336 iva,
462 4225 535 4320 vel
551 4227 707 4351 tripua,
727 4221 804 4316 sed
824 4221 933 4314 nulli
957 4217 1152 4338 Epochu
1171 4220 1342 4314 numeri
1360 4221 1478 4374 certi
1643 4245 1645 4252 ·

1732 4533 1837 4630 Am.
