4202 5574
81 457 104 584 ⁴.
218 427 352 572 Jao
636 435 1486 560 CaruaSacoumuu.

290 653 507 752 eiusmodi
547 655 731 748 concavi
768 651 1033 748 numismatis
1071 655 1256 748 orbiculi
1284 657 1330 750 in
1350 687 1485 752 unum
1513 693 1820 796 nonnunquam
1935 707 1940 718 ’

289 816 645 912 consertuminati
661 813 809 950 fuisse,
841 813 980 906 insuso
1006 815 1051 906 in
1080 819 1313 920 cavitatem
1324 883 1341 931 ‚
1372 843 1450 912 aut
1467 823 1592 916 aliter
1616 855 1821 954 coaptato
1933 875 1936 880 ·

284 978 475 1074 metallo.
536 975 659 1076 Sunt
676 998 824 1068 tamen
851 976 935 1065 alia
969 971 1115 1068 incusa
1143 979 1420 1094 numismata,
1450 981 1745 1103 festinatione,
1776 1001 1819 1086 dc

283 1142 398 1232 vitio
418 1135 684 1262 signatorum
700 1160 778 1228 aut
797 1134 1097 1261 suppostorum
1114 1139 1175 1229 ita
1197 1139 1453 1258 efformata3
1481 1141 1556 1236 sed
1576 1151 1817 1272 antiquiora

283 1298 360 1390 illa
378 1297 552 1390 urbium
572 1331 767 1392 concava
789 1295 1042 1390 numismata
1061 1299 1193 1393 etiam
1210 1299 1299 1424 ipsa
1318 1302 1567 1422 literarum,
1585 1307 1661 1402 'aut
1680 1307 1817 1538 signo

132 1511 135 1520 v
230 1565 236 1574 ,
283 1489 381 1552 rum
400 1461 613 1552 vetustate
633 1457 949 1581 dignoscuntur.

342 1603 348 1612 ’
459 1620 566 1710 VII.
598 1615 694 1744 Ipse
712 1649 885 1745 quoque
905 1617 1058 1743 capitis
1079 1641 1274 1733 ornatus,
1284 1621 1567 1748 vastatosque
1576 1649 1653 1717 aut
1668 1630 1814 1721 instru-

81 1871 85 1878 .
168 1765 172 1772 ⁸
282 1798 529 1874 mentorum
551 1777 741 1895 ruditas,
767 1811 857 1872 non
874 1811 975 1873 raro
994 1781 1294 1904 antiquitatem
1316 1785 1634 1878 remotissimam
1654 1790 1813 1912 prodit.

272 1939 277 1952 '
451 1913 670 2032 Attamen
698 1940 952 2064 plerumque
971 1939 1101 2064 plura
1117 1971 1174 2031 ex
1192 1939 1260 2036 hia
1281 1937 1441 2038 indicia
1464 1943 1510 2036 in
1538 1977 1626 2040 uno
1646 1949 1822 2046 eodem·

282 2127 370 2220 que
395 2099 629 2192 vetustiore
656 2099 908 2194 numismate
935 2099 1242 2196 inveniuntur:

489 2357 491 2366 ’
529 2369 759 2506 Exempla
811 2367 1168 2530 Numffmatum'
1204 2367 1556 2507 Antiquiorum.

460 2588 742 2684 Consulendae
772 2589 844 2682 hic
872 2583 972 2680 sunt
999 2585 1415 2680 Numismaticarum
1451 2589 1629 2680 iconum
1664 2593 1815 2684 Tabula

277 2743 424 2872 priores
445 2755 543 2865 dara,
557 2747 790 2846 secundum
800 2747 1025 2842 Numeros
1044 2746 1168 2840 isthic
1187 2745 1423 2872 disposrto's.
1453 2725 1690 2869 Argenteia
1710 2783 1814 2844 none
1868 2817 1869 2825 a

283 2909 413 3002 nullis
435 2913 623 3004 monetis
633 2901 762 3035 ,quae'
776 2916 822 3002 iu
843 2907 1002 3004 Museo
1024 2909 1211 3030 Collegii
1225 2905 1485 3000 Academici
1503 2897 1813 3000 Viridobonen·

281 3063 337 3156 fis
358 3064 1420 3190 GranellianoS.J.habentur,adscrips1pondus,
1446 3070 1643 3159 exailum
1662 3069 1718 3161 ad
1739 3101 1814 3159 no·

282 3227 456 3322 stratam
482 3228 639 3320 libram
656 3225 1119 3353 pharmacopolarum‚
1147 3229 1235 3341 ita,
1266 3246 1315 3315 ut
1333 3223 1454 3346 prior
1474 3219 1813 3344 numerusssum

283 3409 387 3478 nota
407 3387 448 3482 d.
468 3391 679 3482 Drachmm
706 3388 893 3497 indicet,
925 3387 1059 3502 alter,
1091 3419 1191 3480 cum
1211 3405 1317 3478 nota
1339 3413 1377 3503 g.
1398 3387 1537 3480 Grana.

85 3571 187 3678 Μ,
231 3567 267 3660 Ι,
458 3535 586 3640 Mars
603 3545 743 3640 nudus
755 3615 771 3663 ‚
803 3549 1005 3644 &Pallas
1025 3550 1179 3640 vestita
1192 3611 1208 3661 ‚
1241 3544 1383 3670 capite
1407 3567 1587 3667 uterque
1614 3547 1811 3666 galeato,
1870 3649 1874 3666 k

91 3707 655 3826 Num‚1,stante3‚dextras
679 3713 881 3830 jungunt:
911 3711 1135 3800 literarum
1156 3705 1287 3800 dubia
1307 3703 1460 3800 adsunt
1481 3682 1669 3825 vestigia.

296 3882 301 3896 '
459 3868 731 4004 Quadratum
760 3875 951 3991 turgenti
980 3893 1160 3992 argento
1188 3869 1274 3959 alte
1310 3865 1579 3990 impressum,
1611 3864 1730 3987 quod
1757 3877 1812 3954 ex

282 3991 450 4152 angulis
480 4028 788 4152 quadrifariam
818 4030 1002 4123 divisum
1031 4035 1116 4145 est,
1147 4031 1432 4154 videturque,
1467 4025 1541 4118 vel
1558 4021 1812 4148 pisciculua,

285 4188 359 4308 uel
380 4222 465 4281 una
488 4157 640 4312 quarta
661 4190 826 4282 rursum
846 4191 1007 4304 divisa,
1038 4191 1112 4282 sed
1139 4189 1331 4310 fugiente
1352 4185 1493 4276 dudo.

460 4353 565 4440 Hoc
584 4353 753 4442 ultimae·
766 4354 989 4443 vetustatis
1012 4347 1220 4441 numisma
1254 4350 1421 4462 Tegeatis
1433 4327 1484 4436 in
1511 4335 1811 4466 Peloponneso
1918 4465 1925 4472 ἢ

284 4506 478 4650 adscribo
494 4542 511 4627 3
539 4508 695 4603 srmiles
713 4515 828 4604 enirn
848 4513 1008 4604 Martis
1028 4515 1071 4602 dc
1088 4509 1278 4604 Palladis
1291 4509 1437 4600 icones
1455 4507 1501 4596 iu
1526 4507 1703 4620 Tegeaton
1720 4521 1813 4590 mo

1625 4659 1753 4770 netis,
