4224 5572
263 1281 287 1348 .'
548 1321 680 1412 parum
691 1298 1135 1438 gratulandiantiquaria
1148 1294 1190 1406 se
1209 1296 1477 1410 dedctsortuna.

568 719 571 724 .
665 713 675 757 Ι
1712 711 1720 722 .

523 825 661 942 ¹at'qioe
677 827 729 918 ad
754 824 929 912 editionem
956 829 1151 929 excitauit,
1188 823 1282 936 qmd
1306 832 1343 910 ln
1370 831 1468 922 tenui
1489 855 1558 913 meo
1585 803 1692 934 museo
1713 825 1856 944 ejusden

552 953 649 1038 nuni
662 947 859 1052 exemplum,
877 950 991 1028 minus
1011 944 1146 1056 quidem
1161 969 1187 1026 a
1203 948 1365 1053 temperis
1382 951 1515 1055 lrcjuria
1533 942 1783 1052 conservatum,
1796 965 1854 1032 at·

550 1095 618 1180 que
631 1080 823 1174 propterea
846 1062 886 1148 ch
908 1058 1065 1170 fabrica
1093 1065 1262 1147 rationem
1296 1062 1348 1146 ad
1384 1066 1470 1149 aiios
1491 1066 1852 1152 VABALLnTffl

556 1189 677 1271 Greci
694 1186 866 1268 conmotis
884 1205 1003 1266 numos
1017 1183 1207 1290 repostum,
1235 1182 1522 1269 velutetenebris
1541 1202 1682 1273 mutuo
1699 1187 1855 1274 mihinam
1908 1171 1923 1198 ⁹
2085 1251 2086 1260 Ν

1502 1417 1530 1470 0

729 1538 804 1650 Ap
819 1565 884 1624 cur
893 1529 1080 1646 pretiosum
1095 1529 1322 1624 euoumcnn'
1331 1535 1532 1647 opusculum
1544 1541 1699 1651 inquies,
1708 1553 1779 1648 por
1790 1565 1855 1644 ar.

389 1763 396 1778 ,
445 1679 452 1688 ’
496 1762 502 1776 ,
556 1683 651 1760 mm,
680 1656 733 1752 &⁹
754 1659 847 1768 quod
859 1663 1021 1741 excurrit
1033 1651 1200 1765 prrsum,
1224 1666 1395 1744 numaria
1418 1660 1629 1766 reipublice
1644 1653 1693 1768 esi
1708 1653 1856 1761 subtra-

555 1778 678 1860 iium?
707 1779 831 1861 Etiam
842 1776 886 1860 dc
895 1779 953 1861 hoc
968 1783 1020 1858 me
1026 1776 1207 1882 purgab03
1223 1803 1288 1862 nun
1295 1778 1503 1862 adridebant
1510 1779 1714 1890 typographi
1729 1777 1855 1862 deo-

554 1890 722 1999 hmenses,
732 1896 889 2004 Lipsam
904 1891 1104 2000 cogitabam,
1111 1921 1236 1980 vuum
1243 1896 1349 1983 bellici
1368 1897 1538 1981 tumuitus
1552 1896 1714 2004 confilium
1730 1896 1854 1980 ideml-

557 2011 632 2096 dem
649 2031 879 2103 evmtmunt:
910 2015 967 2100 Et
983 2011 1072 2096 iliud
1083 2012 1240 2128 adcefflt,
1268 2010 1394 2126 neusse
1410 2043 1484 2118 me,
1513 2041 1580 2100 nan
1605 2037 1735 2097 rarca
1761 2015 1854 2097 nobi·

556 2131 646 2216 libus
671 2130 799 2244 rosiris
824 2139 861 2218 iu
881 2134 1023 2240 caslegio
1038 2137 1131 2242 regio
1155 2135 1359 2236 Therefiano
1386 2137 1533 2220 alumnis
1553 2129 1741 2242 solicitude
1768 2133 1855 2220 libro

553 2251 669 2361 abaco
684 2245 908 2360 circumspici,
937 2275 1036 2362 quem
1052 2277 1127 2335 cum
1145 2251 1292 2338 adnexis
1309 2280 1353 2338 coc
1363 2257 1473 2365 jure,
1495 2247 1725 2361 philosophia,
1755 2247 1856 2366 hesio-

553 2373 627 2470 ria,
647 2366 802 2474 scientiis
818 2373 912 2472 aliis,
940 2370 1086 2474 thasius
1096 2364 1164 2476 suh
1189 2377 1274 2458 anni
1287 2367 1471 2482 scholastici
1483 2369 1592 2484 finem
1609 2385 1856 2476 tentammpn·

555 2486 677 2574 oocau
684 2483 845 2594 subituri
860 2487 1052 2597 Augustis,
1062 2506 1129 2573 aut
1146 2487 1271 2601 Regiis
1281 2492 1506 2599 Principibus
1522 2487 1741 2596 inscriberent
1749 2517 1764 2589 ,·
1791 2515 1858 2573 au·
1946 2487 1953 2505 ²

383 2697 387 2706 ,
498 2635 506 2649 ·
553 2629 638 2713 gere
657 2621 733 2691 tnm
752 2608 995 2715 adpendituios
1011 2612 1177 2694 hahemus
1199 2637 1266 2696 non
1285 2609 1388 2696 editis
1405 2611 1542 2718 conlegii
1556 2609 1673 2717 ipsus,
1688 2603 1864 2692 aliarum

417 2757 420 2764 ·
557 2752 625 2836 que
637 2751 815 2835 gazarum
835 2734 1037 2812 numicerat
1053 2728 1335 2840 constitueramus
1351 2727 1526 2842 injuslam
1540 2730 1621 2813 iibri
1640 2729 1752 2810 ucolem
1772 2744 1856 2812 cont

558 2841 719 2948 cresceret
728 2873 743 2945 3
780 2847 910 2931 Verum
927 2848 1023 2930 nulla
1030 2842 1114 2950 fult
1130 2845 1247 2959 isthac
1264 2876 1339 2933 mm
1347 2849 1598 2955 providentia,
1627 2871 1702 2928 cum
1719 2844 1771 2928 ad
1784 2844 1856 2928 alia

346 2945 354 2952 ’
454 3081 458 3092 .
547 2969 670 3067 potius
685 2963 958 3050 lucubrationum
972 2983 1197 3072 argumema,
1225 2992 1372 3078 querum
1387 2971 1575 3072 intererat,
1605 2965 1857 3049 dilaberentur.
1893 2969 1897 2978 '

746 3201 916 3287 Alterum
936 3208 1041 3307 item,
1071 3201 1347 3316 quodadjungo,
1376 3201 1564 3313 opuscmum
1574 3194 1857 3309 sereposlumum

547 3313 739 3424 allow,
778 3322 983 3406 tantundem
1013 3330 1099 3409 enim
1120 3325 1327 3438 prapaes,
1348 3319 1413 3430 scu
1439 3331 1477 3410 in
1498 3321 1639 3427 scriniis
1666 3316 1854 3423 manuscri-

549 3449 654 3538 ptum
670 3434 855 3546 deliteseat,
876 3435 941 3546 seu
958 3449 995 3528 in
1008 3443 1281 3554 paucifflmorum
1296 3470 1441 3543 manus,
1470 3460 1577 3552 atque
1598 3445 1637 3524 in
1660 3443 1858 3544 uniuspeue

546 3559 743 3658 pruvincia
774 3559 945 3671 angustiis
964 3567 1061 3677 typis
1080 3555 1221 3665 excerso
1245 3568 1497 3670 cunmmtariuc
1520 3563 1656 3648 veriat.
1732 3555 1779 3640 ld
1791 3559 1857 3639 hu·

355 3775 363 3790 ,
545 3676 612 3782 jus
633 3673 808 3784 libeiiifui
830 3708 849 3763 e
866 3675 994 3782 satum
1018 3706 1094 3762 ntox
1111 3681 1278 3788 intelliges
1291 3684 1424 3768 Lellcr
1446 3673 1630 3763 benevoles
1662 3675 1796 3781 publico
1819 3679 1857 3760 in

554 3792 695 3874 theatro
713 3821 789 3878 cum
795 3793 1029 3902 philosophicis
1050 3798 1181 3880 laureis
1199 3799 1506 3884 condemnarentur
1524 3792 1716 3892 candidati,
1731 3795 1856 3876 utaiim

533 3929 620 3986 mos
637 3925 738 4012 erat,
767 3918 806 3996 in
819 3915 1002 3998 auditores
1020 3905 1308 4021 dislrihuebatur,
1339 3922 1465 4002 harum
1484 3941 1604 3999 rerum
1618 3909 1710 4018 sape
1724 3927 1858 4018 porum

546 4018 710 4138 curiosas,
739 4027 1002 4137 undefahlum,
1030 4037 1420 4120 uttonmentatiuucula
1433 4029 1858 4146 illiusmodilutraurbem

1736 4143 1803 4247 fe·
