4138 5568
535 439 846 554 Rsouu
908 436 1477 526 Numrsmara
1682 461 1828 568 1¹23-

236 641 420 768 pessunt
450 642 617 776 Antica
636 637 871 730 eorundem
890 669 990 760 pars
1009 637 1261 761 plerumque
1273 628 1414 760 Caput
1435 635 1545 756 regis
1566 657 1639 746 aut
1656 640 1761 728 Dei·

135 805 140 818 '
233 805 336 893 tatis
357 799 557 929 exhibet,
588 822 661 889 aut
681 801 919 922 principem
940 830 1051 920 equo
1079 798 1357 922 insidentem:
1387 827 1519 916 eaque
1551 799 1671 886 numi
1699 795 1762 888 sa·

233 963 319 1051 cies
349 962 491 1050 antica
519 956 792 1080 inscriptione
814 981 960 1071 caret,
988 960 1032 1046 in
1061 959 1200 1082 prima
1235 961 1277 1046 δι
1295 953 1478 1044 secunda
1496 952 1586 1044 sere
1605 988 1758 1076 regum
1881 983 1884 988 ’

232 1100 447 1228 Classe‚&
467 1141 588 1240 parte
616 1095 764 1207 tertia.
828 1121 1053 1210 Deitatum
1082 1119 1237 1239 Capita
1254 1112 1446 1236 superius
1470 1114 1754 1238 depinximus.

229 1278 407 1398 Regum
436 1280 591 1399 Capita
621 1277 866 1395 (interdum
899 1309 998 1366 cum
1016 1278 1198 1394 Reginae
1227 1277 1366 1399 capite
1394 1279 1648 1394 conjugata)
1680 1280 1754 1370 vel

125 1421 129 1433 ¹
221 1436 346 1548 puda
378 1459 652 1558 comparent,
683 1435 758 1526 vel
786 1437 917 1524 variis
948 1437 1146 1549 coronis,
1185 1433 1495 1553 tegumentisve
1529 1462 1749 1530 exornata.
1873 1521 1876 1528 .

224 1595 630 1718 Frequentiffimum
650 1597 799 1718 capitis
812 1595 964 1712 regalis
984 1594 1113 1710 decus
1130 1594 1484 1707 estDiadema‚seu
1505 1593 1637 1712 ligula
1655 1595 1748 1689 srm-
1774 1593 1794 1628 ²
1898 1617 1907 1632 ·

220 1757 363 1882 plex,
394 1779 524 1878 caput
547 1755 737 1846 ambiens
749 1762 894 1874 ‚cujus
911 1755 998 1845 duo
1017 1752 1122 1846 fines
1134 1755 1189 1844 ad
1209 1759 1384 1879 occiput
1405 1754 1610 1847 defluunt.
1643 1761 1749 1850 Lau·
1818 1753 1823 1762 ’

219 1947 286 2008 rea
301 1933 402 2004 ‘rara
428 1917 487 2006 est
505 1939 658 2007 coronat
684 1917 848 2006 ltaliam
868 1947 975 2004 vero
993 1915 1130 2029 Syriae
1150 1915 1319 2033 regibus
1339 1914 1393 2003 ab
1416 1916 1643 2006 Antiocho
1665 1919 1745 2020 IV.

218 2071 432 2196 frequens.
494 2077 687 2164 Galeatum
707 2076 823 2193 regis
846 2097 975 2197 caput
996 2075 1055 2163 est
1071 2072 1327 2196 infrequens,
1390 2075 1574 2165 Parthiae
1597 2107 1747 2196 regum

218 2230 581 2344 minatensium,
612 2215 717 2323 item
739 2235 865 2323 vestis
876 2223 900 2345 ,⁶
923 2239 1069 2352 tanays
1089 2237 1225 2345 dista,
1257 2217 1379 2323 varia
1394 2231 1489 2325 sunt
1506 2233 1645 2356 specie
1657 2301 1673 2346 ,
1703 2241 1748 2330 tc

216 2413 374 2482 ornatu
383 2391 405 2480 ε’
426 2391 558 2484 iidem
583 2425 706 2514 reges
727 2394 858 2482 etiam
875 2397 1062 2486 Diadema
1080 2402 1303 2512 multiplex,
1333 2391 1405 2483 seu
1425 2393 1591 2514 Fasciarn
1614 2399 1745 2518 capiti

21 2633 22 2640 .
69 2663 73 2678 ‚
216 2550 548 2642 circumdedere.
610 2555 750 2644 Mitra
766 2556 944 2662 conica,
973 2550 1104 2674 peplo
1123 2551 1213 2641 five
1232 2554 1387 2643 cidaris
1409 2555 1538 2656 etiam
1560 2587 1638 2676 per
1666 2557 1743 2646 hu·

74 2684 83 2759 i*
215 2721 359 2801 meros
378 2707 619 2825 defluente,
650 2709 693 2800 se
713 2709 817 2798 mihi
837 2709 996 2800 obtulit
1016 2713 1060 2796 in
1087 2712 1218 2800 unico
1236 2710 1412 2802 Arsacis
1434 2715 1665 2825 Parthico,
1699 2721 1749 2810 &-

212 2871 262 2959 in
286 2869 373 2960 alio
399 2871 544 2982 Sami,
572 2872 828 2960 Armeniaci
866 2873 977 2990 regis
1016 2901 1160 2959 numo.
1241 2873 1478 2989 Tigranes,
1516 2875 1740 2970 Armenia

210 3059 318 3138 rex,
351 3033 479 3119 mitra
506 3027 598 3120 sere
626 3033 835 3152 quadrata
865 3031 1083 3153 superbit,
1103 3031 1187 3156 „cui
1207 3061 1369 3122 corona
1388 3027 1556 3122 radiata
1575 3031 1738 3148 insistit.

209 3188 383 3307 Abgari
412 3189 637 3302 Edesseni,
665 3193 876 3284 Parthicis
898 3194 1070 3284 mitram
1093 3215 1246 3310 gerunt
1265 3192 1455 3292 similem.
1495 3191 1739 3312 Adinnigai

211 3345 473 3463 (Minnisari
488 3351 611 3469 aliis)
636 3354 775 3472 ignoti
798 3355 909 3472 regis
932 3351 1139 3486 numisma
1162 3353 1267 3441 alias
1289 3352 1597 3470 vulgaveram,
1614 3355 1734 3468 cujus

207 3507 387 3598 ornatus
406 3513 556 3632 capitis
578 3515 756 3604 omnino
776 3513 834 3602 est
854 3513 1088 3632 singularis.
1147 3519 1347 3625 Xerxes,
1376 3513 1420 3601 in
1439 3513 1652 3602 Armenia
1667 3527 1735 3602 ‘re-

175 3665 179 3672 '
207 3665 358 3784 gulos,
376 3671 577 3762 conicum
599 3673 760 3794 pileum
771 3738 788 3784 ,
805 3704 904 3761 cum
924 3671 1163 3766 diademate
1174 3675 1243 3787 ‚in
1269 3706 1351 3764 aere
1370 3677 1561 3764 ostentat.
1595 3673 1733 3762 Omit-

208 3841 257 3914 to
275 3823 465 3917 barbaris
487 3831 531 3919 in
548 3835 733 3922 monetis
752 3830 946 3922 insolitos
973 3836 1124 3956 capitis
1145 3835 1296 3922 cultus.
1340 3830 1489 3948 Perfice
1510 3862 1630 3950 reges
1650 3831 1735 3946 illi,

208 3985 283 4102 qui
307 3985 537 4102 Arsacidas
563 4023 698 4109 regno
726 3993 954 4114 expulere,
988 3996 1164 4084 coronis.
1189 3996 1318 4084 etiam
1350 3994 1525 4103 orbem,
1558 3989 1735 4082 circulis.

208 4143 252 4230 dc
275 4141 403 4232 stellis
426 4147 694 4266 distindum,
721 4122 969 4274 imposuere.
1003 4157 1164 4259 Cornum
1184 4159 1342 4270 Capita,
1373 4155 1517 4241 arietis
1543 4150 1616 4240 vel
1637 4173 1734 4240 tau·

205 4299 250 4386 ri
266 4331 399 4390 cornu
410 4369 426 4414 ,
457 4309 510 4400 ad
529 4341 676 4399 aurem
693 4312 921 4426 adstituto,
954 4310 1270 4434 conspiciuntur
1292 4311 1540 4402 Alexandri
1555 4310 1726 4430 Magni,

203 4460 253 4550 da
276 4457 572 4558 Successorum
580 4515 611 4580 ‚·
627 4474 841 4596 praecipue
861 4474 1185 4594 proximorum:
1218 4501 1269 4564 ea
1286 4499 1355 4562 res
1374 4471 1543 4592 rob-oris
1557 4503 1635 4581 ‚ac
1656 4469 1728 4561 de·

923 4630 965 4749 Q
999 4657 1028 4722 a
1085 4722 1089 4731 ,
1550 4630 1663 4720 coris
