4224 5572
541 629 639 744 'n
948 595 1393 730 ·ruootum

539 747 1837 793 ·.....-—-————-—-

540 865 788 979 explanando
807 863 1077 973 perspicuitate
1096 856 1320 941 discentium
1340 854 1493 935 labores
1510 855 1562 934 ita
1580 854 1751 956 levavit,
1780 867 1843 954 ut,

539 1003 629 1096 q'uae
645 983 810 1072 abstrusa
825 987 951 1068 multo
966 981 1130 1087 plurima
1144 975 1298 1058 scientia
1315 975 1377 1055 illa
1398 974 1532 1072 habet,
1562 974 1674 1078 plana
1687 970 1843 1076 prorsus

541 1107 693 1214 suisque
708 1091 881 1210 'subjedta
899 1105 1020 1182 oculis
1041 1095 1212 1201 discipuli
1228 1094 1478 1187 mirarentur3
1510 1091 1634 1200 Quod
1643 1089 1734 1174 sane
1753 1095 1842 1174 avi·
1861 1173 1865 1181 ,

542 1253 589 1312 ro
611 1225 822 1310 domnum
840 1217 1003 1327 prestari
1026 1213 1210 1324 potuiffet
1228 1213 1411 1313 minime,
1450 1209 1518 1292 nist
1542 1213 1664 1293 multa
1681 1209 1843 1296 medita·

545 1349 671 1444 tione,
702 1343 1038 1442 mminationeque
1053 1335 1216 1418 scientie
1233 1333 1301 1434 ilii,
1330 1353 1416 1435 quae
1431 1329 1585 1412 horrida
1608 1331 1743 1432 habet,
1774 1327 1842 1412 de

543 1459 725 1546 traxiffet.
786 1454 998 1565 Supersunt
1015 1449 1136 1540 hodie
1152 1455 1283 1558 plures
1302 1451 1400 1532 iilius
1417 1449 1730 1550 lucubrationes,
1764 1450 1843 1556 ite

542 1585 631 1664 tatis
645 1605 716 1685 per
728 1598 883 1663 exteras
900 1578 1015 1657 etiam
1032 1573 1252 1679 provincias
1273 1571 1377 1674 typis
1401 1569 1513 1670 datae,
1543 1569 1582 1649 in
1602 1569 1741 1674 quibus
1755 1593 1840 1673 par-

541 1703 602 1783 t'e's
616 1685 763 1806 aliquot
782 1685 998 1780 matheseos
1013 1689 1130 1776 nodis
1139 1691 1444 1798 problematibus
1457 1688 1598 1770 utiliter
1613 1684 1839 1772 inlustravit.

718 1932 910 2034 Abstrusu
926 1933 985 2016 his
1002 1927 1326 2038 speculationibus
1339 1922 1539 2033 fatigatum
1556 1925 1740 2025 animum,
1758 1947 1839 2031 quo

542 2054 693 2136 levaret
713 2053 942 2154 identidem,
972 2052 1179 2134 nunrariam
1197 2043 1468 2154 pertradiabat.
1527 2045 1652 2126 Prima
1665 2048 1753 2127 artie
1769 2049 1841 2130 hu·

540 2171 625 2278 jus,
655 2197 727 2279 pet
744 2197 859 2278 quam
875 2191 980 2254 tanta
998 2167 1067 2250 lux
1079 2165 1243 2250 historiae
1265 2166 1373 2247 omni
1391 2163 1449 2248 est
1466 2161 1615 2264 addita,
1643 2163 1840 2248 rudimen.

542 2307 583 2372 ta
601 2315 623 2370 a
641 2293 805 2398 conlega
821 2288 890 2374 suo
908 2287 1122 2372 Christiano
1139 2283 1388 2391 Etschiagero
1408 2282 1586 2366 conbibit
1603 2297 1620 2389 3
1667 2284 1753 2388 quis
1774 2285 1840 2368 hit'

543 2427 597 2491 eo
613 2410 653 2490 in
670 2412 866 2492 literarum
881 2431 1027 2515 genere
1055 2403 1209 2506 fuerit,
1225 2399 1381 2486 abunde
1396 2402 1578 2509 'loquitu
1599 2407 1755 2485 tarmen
1783 2403 1839 2486 di·

544 2524 736 2610 danicum
760 2526 812 2611 de
822 2551 865 2610 re
883 2527 1054 2611 numeria
1063 2519 1312 2607 Greciianno
1331 2543 1585 2605 cumccxxm.
1604 2519 1767 2620 editum,
1777 2527 1836 2605 at·

543 2668 621 2748 que
633 2645 820 2752 inAngiit
839 2648 956 2729 etiam
975 2667 1064 2726 cum
1083 2641 1217 2750 plausu
1234 2660 1459 2746 exceptum.
1520 2639 1623 2722 Cum
1645 2641 1723 2722 hoc
1749 2643 1836 2724 viru

543 2761 582 2842 δι
599 2765 848 2868 polyglotto,
879 2762 1179 2846 &delicatiffimi
1190 2762 1229 2842 in
1244 2763 1358 2843 bonis
1373 2762 1515 2845 artibus
1531 2757 1662 2866 gustus
1680 2757 1835 2842 ieuGa·

540 2881 626 2962 latae
642 2881 691 2962 ad
700 2880 1089 2986 Constantinopolin,
1115 2879 1182 2962 seu
1200 2880 1288 2960 alibi
1303 2901 1376 2984 per
1390 2879 1610 2984 provincias
1619 2875 1835 2982 Austtittat

543 2997 734 3102 degeret,
783 3017 1034 3102 perpetuum·
1050 2995 1298 3101 epistolamm
1323 2997 1588 3077 conmerciutn
1615 2995 1664 3077 ad
1690 2999 1836 3081 annttni

543 3138 740 3197 cmmecxu
753 3117 893 3213 coluit;
922 3115 1073 3222 superat
1093 3118 1363 3222 benemagnus
1379 3115 1517 3196 natum
1532 3111 1655 3215 fascis,
1686 3137 1738 3197 ex
1752 3121 1837 3222 qui·

541 3231 785 3316 bue-summa
809 3257 900 3315 cum
917 3237 1124 3338 voluptate
1145 3232 1326 3337 videtur,
1354 3256 1443 3338 que
1463 3234 1618 3316 bellaria
1635 3233 1841 3340 utriusque·

542 3353 713 3455 palatum
729 3353 990 3454 nudaverint,
1020 3349 1071 3432 de
1088 3353 1237 3453 numis,
1267 3354 1521 3434 marmoribus
1545 3348 1768 3458 agiturfere
1786 3359 1838 3438 ai·

541 3471 660 3550 ternis
674 3470 850 3577 paginis,
879 3491 1088 3586 numerum
1102 3466 1424 3571 transmifforum‚
1455 3469 1576 3552 hodie
1592 3473 1631 3552 in
1652 3475 1834 3580 conlegio

541 3585 764 3670 academico
789 3579 1078 3673 adservatomn
1101 3583 1284 3670 n‘umerus
1309 3589 1395 3668 iniri
1419 3609 1502 3669 non
1530 3583 1683 3694 potest,
1713 3589 1836 3674 inscri-

537 3705 721 3810 ptionum
737 3711 1098 3796 conmunicatarum·
1110 3705 1233 3794 LXX.
1255 3706 1473 3816 &amplius
1486 3705 1653 3814 syllabus
1671 3705 1838 3797 amorte'

538 3817 825 3910 Froelichiiest
843 3843 1036 3937 repertus.
1583 3855 1587 3863 ·
1710 3845 1713 3850 ·
1826 3822 1836 3856 ³
