4296 5564
574 703 657 782 m
900 689 1509 770 APPENDICVLA

745 925 918 988 nnnnvs
940 899 1100 984 similem
1115 894 1257 998 refert,
1286 896 1353 982 sed
1368 922 1456 984 tum
1479 897 1650 1046 adposrta
1672 927 1732 984 ara
1733 927 1849 1012 ,quta

746 1045 773 1105 a
787 1021 920 1106 nostro
937 1041 1059 1102 numo
1082 1015 1208 1099 abest.

1136 1248 1264 1338 XLV.

554 1279 691 1468 Ant.
719 1379 769 1464 K.
798 1375 863 1461 M.
896 1369 1027 1460 ATP.
1057 1365 1426 1459 ANTttNtNOC.
1498 1373 1692 1478 metator
1730 1373 1848 1481 Casan

618 1503 774 1585 Marcus
798 1495 973 1581 Aurelius
992 1496 1203 1579 Antoninus.
1262 1491 1393 1600 Caput
1410 1495 1622 1574 laureatum
1633 1490 1846 1601 Caracallo.

191 1559 195 1571 ’
365 1698 368 1708 ,
545 1695 548 1700 .
681 1611 926 1701 unacort
947 1608 1149 1697 nonve.
1167 1609 1446 1695 nocant·
1417 1617 1531 1715 rna.
1544 1613 1675 1700 our
1658 1651 1735 1726 ...n
1758 1617 1848 1710 a...

744 1738 824 1839 σμγ’.
899 1733 1015 1831 Anii
1039 1733 1167 1815 libera.
1215 1731 1323 1814 Anno
1354 1729 1564 1828 ducentifimo
1595 1737 1848 1846 quadragesnno

524 1957 526 1964 Ι
643 1889 645 1894 ’
744 1855 879 1936 oiiouo.
949 1851 1079 1958 Caput
1107 1870 1336 1933 coronaturn
1360 1855 1427 1935 vel
1448 1847 1589 1934 Bacchi
1608 1855 1750 1962 ipius,
1781 1857 1847 1938 vel

744 1973 979 2056 bacchantis.
1054 1967 1169 2052 Medii
1189 1967 1322 2052 moduli.

684 2087 843 2174 Amisus
873 2087 1149 2173 illustrisPonti
1165 2084 1328 2170 Astatici
1349 2092 1440 2172 urbs
1457 2083 1587 2170 Anno
1604 2085 1660 2172 V
1675 2085 1727 2188 C.
1748 2115 1846 2191 721.

555 2207 663 2296 sese
653 2235 691 2293 rn
713 2209 929 2300 libertatem
949 2231 979 2291 e
996 2205 1183 2290 Stratonis
1206 2209 1409 2309 tyrannide
1432 2204 1606 2292 adseruit.
1662 2209 1758 2291 Inde
1783 2211 1849 2292 de

554 2329 704 2434 sumpta
720 2329 886 2432 epocha
942 2325 981 2408 Si
998 2327 1199 2436 adjungam
1223 2327 1260 2407 ei
1280 2349 1401 2410 annos
1425 2337 1524 2428 248.
1538 2323 1766 2411 conficietur
1783 2353 1849 2414 an·

554 2471 628 2532 nus
649 2447 702 2530 V.
721 2447 767 2528 C.
792 2449 893 2549 969.
918 2443 1094 2552 Septimii
1118 2445 1255 2530 Severi
1282 2469 1370 2529 cum
1394 2443 1586 2528 Caracalla
1626 2448 1849 2553 imperantis

554 2571 723 2652 ultimus.

560 2694 592 2786 J
681 2685 727 2767 In
741 2703 979 2770 vartunutu
995 2707 1118 2767 numo
1132 2682 1327 2769 Amiseno
1352 2679 1555 2768 Caracalla
1585 2708 1674 2769 curn
1704 2689 1776 2768 alia
1804 2685 1847 2770 fi-

554 2829 671 2913 gura,
702 2811 902 2909 ponuntur
919 2827 1169 2888 numerorum
1188 2825 1292 2894 note
1312 2799 1385 2886 ΟΕ
1401 2803 1441 2885 id
1464 2801 1522 2887 est
1548 2802 1646 2908 nos.
1686 2805 1766 2888 Sed
1792 2831 1849 2890 er·

554 2951 619 3008 ror
639 2921 857 3026 typothetae
872 2919 952 3021 est,
981 2925 1038 3005 uti
1067 2943 1176 3028 patet
1193 2923 1261 3007 sub
1289 2921 1592 3026 operiafinem,
1623 2925 1691 3005 ubi
1716 2949 1848 3010 recen·

551 3042 607 3126 set
624 3042 741 3146 nrbes,
750 3043 788 3124 in
802 3041 928 3152 quum
946 3043 1088 3146 epochae,
1101 3068 1191 3128 narn
1205 3045 1257 3128 ibi
1266 3040 1373 3126 reite
1394 3043 1560 3127 habetur
1578 3037 1730 3128 cAE..
1747 3061 1847 3147 235.

551 3389 921 3481 ANTnNtNoc.
940 3394 1308 3485 AVFOVCTOC.
1321 3402 1536 3488 Antoninus
1541 3391 1740 3507 Angustos.
1771 3393 1850 3481 Ca·

554 3541 685 3648 ..put
703 3520 914 3600 laureatum
937 3519 1151 3603 Caracallo.

668 3627 1028 3722 ΜΗΤΡΟΠΟΛ.
1054 3635 1344 3724 ANKVPAC.
1389 3597 1599 3744 Metropoiis
1623 3635 1819 3748 Ancyra
1808 3655 1848 3715 tn

555 3753 560 3762 '
742 3753 907 3837 Galatia.
970 3755 1104 3867 Figura
1128 3761 1382 3863 bacchantis3
1399 3759 1461 3842 ad
1482 3756 1573 3861 ejus
1600 3753 1725 3860 pedes
1757 3749 1849 3833 cista

740 3871 998 4079 serniapderta,
983 3901 1082 3981 ,ex
1104 3901 1181 3986 qua
1199 3875 1333 3986 prodit
1348 3875 1519 3998 serpens.
1604 3872 1850 3960 Namusrna·

739 3995 806 4096 gni
819 4017 870 4075 mo
893 3993 945 4077 nli
