4296 5564
336 819 1620 866 Μ

331 937 391 1020 liae
408 953 548 1016 numos
566 925 723 1031 quidem
743 925 931 1008 habemus
953 943 1041 1005 cum
1058 919 1352 1002 coniectationis
1374 938 1474 1024 typo
1500 945 1513 1017 ;
1554 919 1622 1005 sed

332 1071 402 1135 eos
423 1077 446 1132 a
466 1064 593 1130 morte
611 1043 692 1126 Titi
709 1043 957 1126 Domitianus
976 1038 1180 1146 lignandos
1200 1039 1369 1138 curavit,
1400 1043 1465 1143 qui
1495 1037 1620 1123 fratria

332 1169 449 1254 filiam
471 1168 559 1270 plus
578 1185 714 1270 aquo,
745 1164 926 1270 &palam
944 1157 1099 1244 amavit.
1156 1179 1377 1240 svunoluvs
1395 1161 1433 1241 in
1445 1157 1621 1245 Domitia-

331 1311 374 1372 no
392 1303 466 1394 cap.
485 1281 538 1368 II.

905 1392 1047 1478 XXXI.

330 1519 444 1606 IMP.
468 1512 763 1603 GALlieNVS.
787 1513 831 1599 P.
854 1511 908 1596 Ε..
922 1510 1067 1596 AVG.
1092 1541 1101 1588 .-
1135 1509 1265 1620 Caput
1285 1535 1374 1598 cum
1399 1539 1545 1600 corona
1561 1539 1619 1598 ra-

394 1640 507 1722 diata.

333 1757 417 1843 CL.
442 1750 685 1836 ANTIocbia
713 1753 765 1836 R.
789 1750 835 1846 S.
872 1749 1006 1834 &ionia
1033 1751 1223 1836 Antiochia
1249 1751 1434 1836 Rananus
1454 1747 1616 1834 Senatus.

391 1876 508 1976 Lupa
529 1869 673 1954 lauans
692 1870 791 1954 duos
810 1872 1007 1974 parvulos.
1068 1871 1188 1952 Primi
1205 1867 1337 1951 moduli.

445 1989 526 2072 Hic
557 1987 718 2071 Numus
747 1988 891 2072 rursum
919 1991 1158 2091 comprobat·
1181 1986 1289 2091 quod
1312 1992 1399 2072 alibi
1421 1985 1618 2096 (Append.

327 2123 414 2215 pag.
442 2129 537 2210 145.
555 2105 609 2196 C?
628 2117 723 2205 148.
740 2105 989 2214 monuimus)
1017 2105 1084 2188 vd:
1115 2103 1197 2186 CL.
1216 2130 1297 2189 non
1313 2106 1522 2215 legandum
1541 2101 1618 2190 elle

336 2223 504 2324 undu,
535 2221 602 2306 sed
627 2223 772 2308 Colonia.
833 2222 903 2306 Est
929 2226 993 2306 hic
1017 2246 1157 2308 numus
1176 2222 1386 2308 admodum
1404 2225 1490 2308 rudi
1504 2220 1618 2321 fabri-¹

236 2393 241 2404 ·
333 2365 399 2442 ca,
431 2365 520 2424 cum
543 2359 674 2423 tamen
692 2341 882 2425 Gordiani
896 2343 951 2423 Pii
980 2344 1090 2424 numi
1105 2345 1144 2422 in
1163 2342 1237 2423 hac
1265 2345 1419 2423 colonia
1438 2343 1521 2424 satis
1541 2345 1620 2424 ele-

333 2480 489 2569 gantes,
520 2459 560 2542 ἃ
575 2458 710 2561 maiori
725 2461 892 2541 modulo
912 2476 1174 2564 compareant.
1231 2455 1528 2545 Collabascentis
1548 2464 1619 2544 im·

169 2625 185 2662 ·.
309 2679 311 2684 Ι
332 2581 430 2684 perii
449 2579 533 2660 hac
549 2597 710 2682 quoque
727 2576 812 2661 sunt
830 2575 980 2658 indicia.

333 2809 448 2894 IMP.
467 2808 708 2928 CAERAS.
721 2809 1053 2896 LCDVNAVS.
1066 2807 1166 2894 AV.
1179 2809 1409 2918 Legendum
1423 2811 1478 2896 est
1486 2809 1620 2894 t'IMP.

349 2961 353 2970 ’
390 2927 632 3014 CAESAR.
657 2929 961 3014 CLAVDIVS.
1017 2929 1147 3038 Caput
1174 2930 1324 3014 Claudii
1341 2932 1510 3019 ,Gothici
1531 2953 1621 3039 eum
1731 2927 1736 2936 '

394 3069 542 3132 corona
567 3050 721 3132 radiata.

460 3165 542 3250 CL.
576 3161 875 3252 ANTIOCHI.
900 3163 938 3248 S.
967 3169 1017 3252 R.
1050 3167 1186 3258 &huia
1216 3167 1427 3264 Antiochia:
1469 3161 1622 3260 Senatus,

335 3355 341 3362 .
521 3285 742 3370 Romulus.¹
783 3285 986 3370 Vexillum
1022 3311 1109 3370 cum
1143 3289 1267 3390 aquila
1291 3289 1391 3368 inter
1415 3284 1495 3366 duo
1517 3283 1622 3393 figna

522 3406 707 3486 militaria.
766 3401 895 3488 Parui
909 3403 1045 3489 moduli.
1114 3405 1196 3488 Tol.
1216 3407 1267 3490 ll.
1287 3405 1341 3488 N.
1362 3405 1403 3484 6.

462 3515 633 3602 Similem
660 3519 811 3606 Claudii
839 3545 1000 3608 numum
1025 3547 1220 3626 perrarum
1248 3524 1288 3605 &
1305 3545 1377 3604 nos
1393 3523 1432 3604 io
1449 3515 1621 3624 Appen·

336 3635 461 3718 dicula
479 3635 681 3735 dedimus„
712 3637 752 3720 de
771 3635 857 3720 fere
879 3637 1041 3722 similem
1061 3637 1253 3740 Haymius
1271 3658 1360 3744 ante
1377 3663 1474 3735 noa;
1504 3635 1621 3720 sedin

335 3773 506 3858 utroque
536 3755 675 3834 horum
704 3753 896 3858 inscriptio
916 3757 1048 3859 capitis
1067 3757 1223 3841 nonest
1250 3761 1302 3838 ita
1319 3756 1476 3857 vitiosa,
1505 3756 1561 3838 uti
1580 3755 1621 3835 in

335 3869 521 3978 praesente
544 3894 688 3968 numo;
719 3897 839 3981 pono
857 3873 938 3958 duo
954 3874 1009 3956 illi
1027 3873 1153 3957 multo
1170 3878 1322 3984 majoris
1340 3875 1489 3958 moduli
1515 3875 1620 3972 sunt,

339 4008 456 4097 atque
479 3991 543 4076 hic
560 3988 704 4086 noller.

939 4225 1014 4336 1³
1477 4161 1597 4311 uu.¹
