4296 5564
520 581 1819 736 W

526 853 628 942 Veri
646 853 774 959 capite
795 869 1069 934 vanuumrvs
1091 846 1301 954 produxit,
1322 871 1453 956 neque
1472 849 1652 934 Latinum
1673 879 1820 940 ranoru-

523 973 833 1071 ornuvs3srmilis
851 990 981 1052 tamen
997 962 1131 1050 nostro
1149 966 1252 1074 apud
1262 992 1499 1052 rnrsramvru
1508 991 1626 1052 extat.
1658 972 1820 1058 Corve·

526 1121 582 1186 ro¹
594 1093 694 1192 hoc,
725 1091 765 1174 ἃ
780 1091 850 1170 alia
867 1083 1195 1170 Amastrianorum
1214 1086 1466 1189 numismata,
1486 1087 1665 1195 inscripta
1682 1095 1821 1178 etiamr

508 1207 773 1299 OTHPOC.
791 1203 1005 1290 KAICAP.
1026 1203 1240 1316 (iccaput
1260 1208 1438 1292 imberbe
1459 1209 1721 1320 exhibentia)
1741 1211 1823 1296 Lu·

525 1335 590 1416 cio
609 1329 746 1430 Vero,
776 1325 904 1410 Marci
920 1325 1068 1408 Aurelii
1095 1328 1278 1434 college,
1307 1329 1346 1410 in
1370 1325 1533 1436 Catalago
1552 1323 1682 1432 Musaei
1707 1331 1823 1417 iirea-

515 1451 591 1561 poli
611 1452 848 1548 tribuantur,
877 1443 1064 1536 nonsatis
1087 1443 1292 1552 alioqum,
1313 1449 1368 1530 ob
1384 1447 1553 1532 rationes
1575 1446 1699 1532 modo
1715 1475 1738 1530 a
1754 1475 1820 1536 me

522 1575 565 1656 io
581 1569 814 1653 contrarium
831 1566 973 1648 allatas.
1034 1563 1138 1648 Sane
1160 1564 1267 1671 apud
1289 1589 1420 1650 nuru.
1448 1565 1543 1650 Turro
1566 1569 1619 1652 II.
1649 1563 1823 1674 Thesauri

522 1689 729 1776 Britannici
757 1701 844 1792 pag.
877 1709 977 1768 auo.
1007 1708 1149 1768 numus
1178 1685 1404 1790 Ioniorum,
1435 1687 1579 1792 inquo
1607 1709 1726 1792 caput
1751 1691 1822 1774 im·

522 1811 667 1910 herbe,
697 1802 919 1912 inscriptum
932 1801 1132 1890 BHPOC.
1166 1807 1308 1912 Verus,
1337 1830 1421 1892 nou
1441 1803 1570 1892 Lucio
1590 1805 1731 1913 Vero,
1753 1807 1821 1894 sed

410 1933 419 1950 “
521 1925 658 2016 nostro
677 1926 810 2011 Aonio
830 1923 944 2010 Vero
967 1922 1201 2022 adscribitur.

1070 2043 1255 2129 XXVIII.

641 2161 803 2248 Numus
835 2157 947 2245 Lucii
975 2159 1074 2246 Veri
1098 2186 1188 2248 curn
1215 2165 1344 2272 capite
1371 2159 1520 2246 radiato
1539 2157 1758 2271 Zeugmate
1782 2166 1825 2250 in

520 2281 633 2390 Syria
651 2281 762 2366 cusuu
771 2279 910 2366 medie
924 2278 1062 2364 forme
1074 2307 1085 2362 ε
1097 2285 1231 2389 quales
1249 2283 1407 2390 quidem
1424 2296 1819 2368 notatvarmaurrvs

521 2429 612 2490 cunr
638 2425 741 2484 anno
765 2401 939 2501 terrim&
955 2415 1107 2510 quarr03
1137 2401 1204 2486 sed
1225 2401 1359 2486 noster
1382 2424 1472 2484 cum
1484 2393 1631 2504 secundo
1651 2398 1820 2489 ΖΕΤΓ-

518 2515 780 2608 ΜΑΤΕΩΝ.
801 2519 848 2604 Β.
865 2520 1176 2632 Zrugmaterficor.
1209 2525 1322 2630 ‚aaa
1346 2517 1397 2610 u.
1435 2517 1506 2604 Est
1531 2519 1659 2606 smilis
1675 2525 1714 2608 in
1737 2545 1823 2608 uru-

519 2641 587 2728 seo
614 2639 827 2748 Theupoli

459 2871 465 2884 “
516 2873 897 2976 ...O'I'HPOG
928 2871 1035 2964 CEB
1063 2937 1077 2962 .
1109 2937 1122 2964 .
1150 2939 1163 2966 .
1194 2883 1317 2968 Varus
1333 2873 1538 2993 Arcgcssur.
1592 2873 1728 2984 Caput
1751 2895 1824 2959 nu·

577 2999 672 3089 dum
692 2997 806 3082 Lucii
827 2996 936 3080 Veri.

637 3109 999 3208 K'I'PPHCTQN.
1011 3113 1295 3230 Oynbesicrurc
1304 3114 1370 3228 (in
1380 3113 1626 3222 Cyrrhestica
1636 3110 1753 3216 Syrie
1761 3131 1819 3192 re·

711 3231 1544 3349 gione)iutracoronamlaureum.Secundae
1558 3225 1823 3342 magnitudinis.

520 3469 754 3580 CEBACT.
784 3465 1101 3562 ΛΟΤΚΙΛΛΑ,
1131 3473 1301 3588 Augusta
1324 3473 1483 3562 Lucilia.
1541 3469 1673 3578 Caput
1696 3467 1793 3576 einr.

643 3587 1050 3680 ΝΙΚΟΠΟΛΕΩΟ.
1082 3595 1268 3704 Mcopolis.
1326 3593 1544 3701 Templum
1562 3607 1729 3700 quatuor
1757 3607 1826 3668 co·

706 3715 956 3818 lumnarurn,
972 3713 1013 3796 in
1029 3737 1112 3820 quo
1131 3715 1252 3826 figura
1265 3713 1534 3816 stans‚tholus
1551 3709 1691 3816 templi
1712 3707 1824 3790 altior

705 3835 824 3917 etiam
845 3851 1018 3940 quatuor
1032 3837 1224 3922 columnis
1245 3837 1432 3920 innititur.
1470 3827 1557 3916 Tcrb.
1578 3825 1653 3914 ΙΙΙ.
1675 3827 1731 3911 Ν.
1752 3847 1793 3924 7.

616 3945 694 4034 Ad
726 3949 954 4060 Nicopolin
984 3953 1023 4034 in
1044 3951 1170 4062 Epiro
1198 3957 1305 4038 hunc
1318 3957 1438 4064 parvi
1458 3947 1582 4034 moduli
1603 3939 1827 4054 elegantiffi·
1904 3949 1908 3956 '

500 4082 620 4158 mum
643 4093 811 4158 numum
839 4073 991 4162 refero.
1050 4073 1170 4163 Licet
1195 4073 1302 4162 enirn
1328 4095 1377 4160 ec
1403 4073 1494 4158 urbs
1519 4063 1822 4268 sepelissprruumir
