4296 5564
312 645 674 759 ·······r³·.
655 641 887 757 rnisu'f'
869 673 1125 754 rnorucn
1211 635 1278 802 ΓΞ.
1307 637 1311 668 “
1485 697 1536 772 ας
1562 745 1568 758 .

285 881 400 1004 cratia
416 894 533 997 virio,
562 889 706 976 artium
720 873 826 970 baud
841 883 1000 994 optimis
1015 881 1056 968 in
1073 883 1199 972 aulam
1224 884 1491 989 inrepentrbru
1514 885 1588 970 bu·
1654 923 1658 930 ·

284 1003 346 1122 ina
368 1005 575 1124 splendore
595 1007 637 1092 id
656 1027 740 1095 non
757 1025 853 1088 raro
864 1005 1082 1089 animorum
1098 1000 1208 1106 lieri,
1236 1021 1282 1086 ut
1300 1025 1369 1104 ea,
1400 1001 1588 1110 quesane

287 1142 373 1218 non
395 1151 535 1218 eorum
554 1127 660 1250 sunt,
695 1124 766 1232 'qui
783 1115 961 1236 profanu
981 1119 1023 1210 se
1049 1124 1216 1234 negotiis
1237 1119 1483 1226 abdicarunt,
1521 1143 1588 1206 au·

289 1249 435 1354 beant,
462 1250 761 1354 moliunturque.
908 1291 910 1298 ι
1569 1255 1574 1294 ³

481 1481 609 1568 Porro
627 1501 650 1560 a
667 1480 756 1563 viro
775 1493 839 1562 tot
860 1475 943 1560 aliia
958 1471 1216 1588 preliugente
1241 1477 1450 1564 virmtrbut
1472 1477 1585 1566 ardor

290 1599 591 1690 auferendorum
599 1600 704 1710 crelo
721 1599 926 1682 bominum
939 1591 1114 1681 instituto
1124 1599 1305 1704 proprius
1322 1599 1481 1681 minime
1495 1600 1588 1682 abe·

289 1743 361 1807 rat
421 1719 508 1806 Erit
525 1715 632 1820 forr,
660 1718 729 1824 qui
747 1713 991 1823 opinabitur,
1018 1735 1200 1820 campum
1213 1738 1320 1824 pene
1337 1719 1508 1821 nullum,
1545 1717 1587 1800 in

291 1863 374 1946 quo
391 1853 663 1947 procurreret,
693 1836 822 1921 virum
837 1829 1004 1918 mersum
1020 1831 1314 1918 literirnancisci
1329 1831 1518 1941 potuiffer
1531 1833 1590 1920 ast

119 1975 123 1982 ·
291 1956 470 2057 fallitur,
505 1957 572 2062 qui
592 1955 676 2038 hec
698 1953 804 2062 opud
826 1954 996 2036 animum
1022 1948 1130 2036 suum
1155 1950 1340 2036 statuerit.
1412 1953 1523 2038 Dum
1545 1955 1587 2037 in

293 2076 574 2184 conlegiirrliir
591 2070 834 2175 versabatur,
861 2069 1048 2177 juventus
1075 2094 1204 2176 prope
1223 2073 1349 2180 omnir
1366 2068 1588 2157 scholastica

290 2215 346 2280 eo
373 2192 615 2276 conscientie
634 2194 801 2295 arbitro,
830 2189 1108 2295 communique
1126 2207 1290 2296 parente
1308 2193 1502 2293 utebatur,
1516 2201 1588 2277 ne·

292 2335 361 2398 mo
393 2307 480 2396 fere
500 2327 595 2412 erat,
608 2310 676 2415 qui
694 2333 778 2394 noo
794 2331 883 2392 cum
894 2310 962 2392 illo
981 2307 1161 2392 ineundo
1169 2310 1261 2392 vitre
1279 2305 1463 2416 deinceps
1471 2311 1590 2418 agen·-

295 2429 354 2516 de
374 2432 543 2516 rationes
558 2425 843 2529 constitueret,
871 2426 911 2508 bc
926 2421 1014 2508 usus
1031 2425 1113 2530 ipse
1130 2427 1407 2532 conprobavit,
1435 2451 1517 2510 non
1529 2425 1588 2510 nli

292 2547 323 2634 sr
347 2549 575 2647 ermonita,
604 2569 692 2650 que
706 2543 928 2628 lratiffimum
950 2539 1082 2626 sortita
1104 2539 1191 2628 funt
1207 2543 1372 2648 exitum,
1398 2541 1587 2630 indubio

292 2663 551 2753 besrtanobur
567 2659 681 2750 fuiss'e
695 2659 949 2770 subpeditata.

482 2896 574 2982 Plus
594 2899 668 2982 bac
684 2897 724 2978 in
739 2917 783 2980 re
807 2889 978 3004 prestitit
994 2915 1066 2979 eoa
1081 2919 1156 3004 per
1171 2919 1309 3002 annor,
1343 2890 1591 3005 ruborem

293 3015 399 3126 legio
414 3009 653 3100 ’Ibereliano
668 3013 780 3098 datus
796 3031 905 3111 erat;
934 3031 1191 3124 preterquam
1208 3018 1327 3120 enim,
1346 3015 1456 3122 quod
1474 3013 1588 3098 nobis
1738 3027 1742 3034 “

293 3137 389 3220 lium
413 3155 501 3254 part
519 3134 642 3242 major
658 3129 765 3218 sacro
784 3134 823 3216 in
841 3132 1020 3215 tribunali
1037 3137 1153 3250 animi
1170 3133 1225 3218 sui
1241 3135 1405 3220 latebrae
1422 3134 1477 3216 illi
1493 3153 1590 3214 con·

295 3251 439 3340 stanter
454 3253 667 3360 panderet,
696 3273 860 3354 omnen,
885 3273 939 3334 oe
957 3271 1037 3334 uno
1058 3250 1218 3358 quidem
1234 3251 1403 3355 demto,
1429 3247 1588 3354 eum,sr

296 3374 439 3456 morbo
465 3374 744 3476 tentabantur,
774 3365 903 3455 adeffe
924 3367 995 3453 libi
1022 3373 1224 3456 volebant.
1304 3369 1589 3456 Demnoenrr:

297 3491 371 3573 bur
400 3511 454 3572 ex
473 3511 713 3596 quocunque
735 3490 841 3572 malo
868 3485 966 3596 quid
990 3484 1165 3594 obsequii
1190 3487 1439 3593 exhibuerit,
1476 3481 1589 3571 noss'e

299 3608 366 3713 qui
381 3607 527 3708 volet,
555 3623 718 3700 matrem
735 3603 788 3689 de
805 3602 873 3700 fflii
889 3605 1009 3689 salute
1027 3604 1210 3692 solicitam
1223 3610 1355 3693 animo
1375 3604 1517 3720 lingat,
1548 3603 1590 3690 bt

296 3719 476 3812 nondum
487 3727 622 3808 tumen
640 3743 800 3810 omnem
815 3721 877 3808 Cl.
891 3717 1036 3810 &osmi
1050 3724 1261 3832 providam
1282 3727 1324 3810 in
1344 3727 1432 3810 illos
1457 3745 1589 3810 curam

298 3843 511 3949 errprimetr
541 3842 621 3925 aliis
637 3861 692 3926 ex
709 3843 789 3927 aliis
803 3841 974 3928 inventu
991 3844 1091 3928 etati
1108 3841 1349 3931 illinendum
1363 3843 1434 3930 usu
1447 3837 1588 3950 douo,

296 3981 397 4070 quor
415 3959 467 4046 ad
489 3981 675 4048 mumnaa
688 3963 910 4049 mortalium
926 3967 1050 4074 genua
1066 3959 1288 4052 damnantur
1305 3959 1477 4070 effet,ita
1485 3987 1590 4050 mor·

243 4121 248 4130 ·
299 4077 599 4202 borniogabat,
626 4097 673 4169 ut
686 4083 755 4172 vel
776 4081 850 4200 iptl
863 4081 1007 4174 medici
1017 4075 1249 4196 fateremur,
1276 4075 1539 4217 surbornon
